2850 4842
475 517 477 524 ,
539 469 624 536 καί.
693 567 699 580 ,
1040 471 1104 536 ott

277 636 348 691 'All’
373 631 427 691 εἶκε
446 637 540 705 :inpruii
559 637 604 688 arni
622 631 790 706 μετάστασιν
805 637 894 690 δίδου.

63 774 112 823 ant
140 765 242 840 etiam,
269 769 300 822 nt
331 770 464 836 optumus
491 757 566 815 liber
587 755 805 815 Laurentianus
827 743 940 832 primns
967 757 1103 834 scriptum
1159 746 1167 758 ’

62 845 197 906 exhibet:
258 857 259 862 ’

264 953 339 1008 ‘All’
359 945 414 1007 εἶκε
434 955 518 1024 θυμῷ
536 956 583 1006 rui
600 949 767 1020 μετάστασιν
784 947 890 1022 trion,

60 1090 94 1141 ut
115 1073 336 1160 ai‘naw'ivttn'i
356 1074 412 1134 hoc
432 1077 494 1134 loco
515 1097 575 1134 non
600 1074 685 1133 aliter
707 1075 814 1133 riictnm
833 1079 873 1134 sit
896 1083 985 1150 atque
1006 1080 1106 1162 θυμῷ

61 1158 163 1226 εἴκειν
183 1162 261 1237 apud
283 1158 444 1218 Homerum
464 1159 574 1218 lliutlos
595 1159 644 1219 lib.
663 1155 722 1216 lX.
741 1179 769 1217 v.
791 1163 853 1218 597
873 1180 918 1234 sq.
941 1169 970 1218 et
990 1180 1018 1220 v.
1043 1169 1103 1222 109

60 1269 128 1322 sqq.
164 1255 193 1304 et
227 1245 278 1303 lib.
299 1238 426 1301 XXIV.
458 1257 488 1300 v.
518 1245 557 1298 43
588 1261 634 1316 aq.
662 1250 750 1316 atque
775 1243 914 1314 Orlpsseoe
936 1243 989 1302 lib.
1010 1241 1052 1304 V.
1076 1268 1103 1306 v.

63 1334 123 1388 125
151 1349 214 1402 ιφ,
247 1347 304 1400 qun
333 1325 369 1384 ‹le
398 1345 429 1384 re
451 1345 539 1398 quom
561 1327 720 1382 accuratius
743 1326 952 1398 explicaverim
974 1331 1006 1384 in
1030 1326 1103 1390 Νου.

61 1414 160 1472 annui.
187 1411 284 1490 plrilol.
313 1419 339 1466 et
364 1409 445 1485 pueri.
474 1409 532 1468 rol.
556 1405 614 1466 IV.
643 1429 673 1482 p.
696 1412 758 1466 404
781 1429 847 1482 sqq.
876 1417 904 1467 et
926 1431 1027 1468 rarrsns
1048 1415 1104 1471 ibi-

60 1496 128 1554 dem
160 1495 218 1555 vol.
241 1490 331 1552 XXI.
362 1513 392 1566 p.
419 1495 477 1549 178
500 1513 584 1565 sqq.,
615 1489 664 1549 iric
696 1494 842 1564 copiosius
867 1492 1018 1552 dicendum
1043 1517 1104 1554 non

59 1587 114 1638 est.
156 1577 193 1636 in
220 1575 371 1650 Euripidis
398 1583 494 1632 autem
520 1575 624 1633 Madau
655 1595 683 1632 v.
709 1581 765 1632 181
780 1595 842 1649 scp,
885 1586 915 1633 nt
944 1599 1004 1635 non
1028 1599 1103 1637 com-

57 1664 151 1742 probo
174 1659 211 1721 G.
234 1659 383 1718 Dinrlcriii
403 1660 587 1734 opinionem,
608 1660 712 1731 quiin
735 1660 830 1717 vorbis
851 1657 915 1718 iris:

388 1767 467 1839 'atilli
488 1783 560 1854 βᾶσὰ
579 1805 623 1840 νιν

391 1857 473 1925 δεῦρο
491 1851 630 1926 πόρευσον
646 1859 731 1908 οἴκων

389 1923 440 1982 ἔξω
459 1925 528 1992 φίλα
545 1925 592 1976 arni
610 1918 670 1976 τάδ’
691 1918 773 1977 αὔδα.

58 2055 142 2122 putat
164 2039 220 2106 καὶ
238 2042 410 2117 particulam
433 2045 460 2100 ei
481 2045 561 2116 voci,
584 2063 670 2116 qnam
693 2043 793 2117 effert,
813 2048 1003 2119 postpositam
1025 2068 1102 2121 esse,

58 2135 101 2188 sic
128 2149 168 2185 ne
193 2125 319 2200 lianptii
341 2127 458 2199 quidem
479 2128 635 2200 rationem,
664 2131 714 2200 qui
737 2125 821 2209 φίλα
844 2150 897 2203 pro
921 2126 1103 2207 epilogari·

59 2214 161 2270 verbio
196 2210 302 2268 dictum
330 2213 503 2283 existumat,
539 2213 669 2284 accipere
695 2231 824 2285 possum.
867 2208 998 2270 Videtur
1024 2216 1103 2271 enim

59 2298 154 2355 oratio
176 2296 215 2352 ita
238 2292 471 2378 interpungenda
492 2311 574 2352 esse:
604 2308 607 2316 ’
980 2315 987 2328 ·

384 2417 464 2472 Ἀλλὰ
483 2417 555 2486 filimi
573 2439 617 2474 νιν

390 2489 473 2557 δεῦρο
493 2485 632 2556 πόρευσον
649 2492 734 2540 οἴκων

390 2555 458 2614 ἔξω·
481 2559 550 2624 φίλα
565 2552 693 2609 καὶίάδ’
715 2551 795 2609 aritia.

59 2687 145 2753 atqua
167 2679 208 2734 ita
229 2667 428 2750 intellegentia
452 2697 532 2736 esse:
562 2677 619 2734 Saul
638 2677 781 2754 inpredera
803 2697 918 2754 euntque
937 2679 991 2736 lcuc
1011 2680 1102 2740 udrinc

59 2771 141 2820 antro
171 2761 269 2818 uctlcs:
304 2765 397 2818 corion
425 2761 492 2816 lrrroc
514 2780 620 2836 quoquc
642 2765 768 2829 intralia,
803 2764 909 2834 quibus
941 2765 972 2819 in
1003 2764 1102 2822 verbis

61 2839 114 2906 καὶ
135 2847 280 2918 pertinet,
303 2851 333 2899 ut
356 2845 419 2914 ipsa
440 2842 597 2913 particulae
619 2843 768 2902 collocatio
787 2847 926 2917 requirit,
954 2845 990 2902 arl
1011 2841 1110 2918 nolles

61 2930 156 2986 omnia
181 2935 277 2984 antem
296 2927 384 2983 verba
403 2925 568 2982 reseruntur
590 2924 625 2981 ad
650 2928 771 3005 amicam
793 2929 881 2984 istam
895 2922 1101 3002 hortationem,

60 3031 144 3083 qnam
168 3009 254 3067 modo
275 3007 355 3067 clrori
375 3028 499 3081 persona
522 3007 632 3064 elocuta
655 3017 729 3081 erat,
758 3029 846 3081 quem
875 3008 1049 3068 admodum
1071 3016 1103 3069 in

59 3089 210 3168 Euripidis
232 3091 393 3150 Phoenissis
414 3111 444 3148 v.
470 3091 561 3146 1450.
587 3089 704 3146 dicitnr:

429 3217 496 3272 aiore
518 3221 637 3286 σημῆναι
655 3219 732 3287 rstica.
751 3211 755 3217 ’

62 3353 89 3402 et
117 3345 174 3402 elia
201 3307 270 3401 aiibi
296 3341 458 3400 eiusmodi
481 3340 623 3400 dicuntur.
666 3337 770 3398 Restat
792 3336 999 3411 Aristophanis
1021 3339 1102 3400 locus

62 3429 97 3484 rie
126 3427 254 3484 Nubibus
286 3446 314 3483 v.
339 3429 399 3482 743
428 3445 510 3498 sqq„
543 3443 628 3498 quem
662 3443 717 3498 ego
744 3444 805 3480 non
833 3433 947 3478 mutans
974 3425 1103 3480 oninium

62 3511 199 3592 librorum
220 3511 391 3582 scripturam
413 3511 453 3565 sic
474 3508 740 3582 interpungendum
764 3526 827 3564 esse
849 3508 987 3562 arbitror:

217 3633 279 3706 ’,Τί
300 3635 422 3721 ἀτρέμα·
440 3631 493 3690 κᾶν
509 3634 614 3706 ιῖπορῇς
631 3655 654 3688 u
675 3639 730 3688 τῶν
750 3632 910 3702 νοημάιων,

115 3735 126 3760 r
166 3751 170 3756 .
225 3705 308 3772 ripale
324 3703 438 3786 irrrairia'
457 3695 525 3788 mirre
545 3702 593 3769 τὴν
611 3697 727 3784 yruippr
744 3699 828 3755 noller

225 3779 339 3840 κίνησον
357 3781 445 3832 natira·
463 3771 528 3826 uiro
546 3774 592 3823 arri
612 3775 791 3840 ζυγωθρισον.

63 3905 93 3950 nt
114 3893 169 3952 iroc
189 3894 314 3953 dicatur:
336 3897 406 3950 Esto
428 3897 520 3968 pricio
544 3897 654 3950 uninro:
677 3901 704 3949 et
726 3907 788 3949 carot
810 3891 877 3967 quiri
897 3907 1008 3957 corum,
1033 3906 1104 3964 qrrna

65 3983 182 4051 cupitus,
204 3978 347 4052 explicare
371 3979 559 4049 conposcio,
589 3975 697 4032 dimitto
718 3994 753 4031 oc
775 3971 901 4030 disceris:
928 3981 987 4030 term
1009 3979 1103 4030 anteco

64 4069 178 4117 trientem
205 4079 305 4117 rursus
331 4077 440 4125 otone„
456 4059 508 4120 lroc
536 4062 628 4132 ipsum
650 4061 754 4114 ellone
776 4057 954 4113 claustris
977 4054 1104 4111 occin-

64 4159 135 4198 snna
163 4150 246 4199 tone.
289 4139 405 4216 Quibus
430 4143 461 4197 in
482 4140 579 4197 verbis
604 4133 659 4199 καὶ
680 4139 762 4196 uallo
783 4137 869 4194 morlo
890 4136 925 4194 ari
946 4137 995 4209 iel,
1027 4136 1105 4208 qnorl

64 4223 221 4299 praecedit,
249 4224 422 4282 vocabulum
447 4225 592 4297 pertinet,
620 4217 673 4279 sed
700 4221 737 4278 erl
767 4221 888 4279 verbnm
912 4219 1001 4292 illuri,
1028 4217 1105 4292 quoi

64 4308 206 4383 seqnitur,
234 4300 449 4388 ζυγώθρισον.
492 4303 568 4365 Nam
592 4323 680 4378 quom
707 4305 790 4378 qnasi
812 4305 849 4362 al
872 4323 906 4362 ea
927 4322 1016 4378 voce,
1045 4321 1104 4375 qna
