2850 4842
462 586 466 591 .
547 506 663 625 rto
722 548 727 553 ·

240 678 359 747 Οδχετιιι.
377 676 505 736 διωκτέος
524 675 570 758 δέ·
588 674 628 748 μὴ
644 674 700 747 γὰρ
720 676 823 751 typam
840 680 907 735 ιιοιὲ
1014 686 1020 691 ’

236 746 363 817 μηδέπερ
378 747 511 815 γέροκιιις
526 764 606 806 orror
621 743 754 815 ἐκφυγών
767 745 932 822 Ἀχαρκέας.,
1053 762 1060 775 “

65 884 117 945 nbi
140 883 203 943 nisi
224 885 382 957 aptissume
398 884 600 957 coniungimus
621 880 673 942 lias
689 888 933 947 constructiones:
959 884 1116 963 διωκτέος

68 964 118 1039 δέ,
140 962 189 1050 μὴ
214 1000 253 1011 -
277 958 402 1049 ἐγχάνῃ,
424 968 589 1025 necessario
612 960 798 1026 scribenduni
820 972 876 1027 erit
897 964 1038 1051 ἐγχάνοι.
1080 970 1117 1029 ld

67 1051 141 1109 adeo
166 1050 238 1109 olim
248 1046 416 1108 Brunckias
439 1052 602 1125 proposuit,
622 1058 655 1107 ut
674 1071 773 1125 perse
790 1051 946 1113 diceretur:
969 1047 1030 1134 Mt}
1052 1050 1114 1135 γὰρ

67 1126 203 1213 ἐγχάνοι
220 1128 305 1196 ποτὲ
323 1122 397 1202 κοτὲ,
421 1136 504 1205 quasi
521 1142 620 1192 nostra
635 1134 747 1211 lingua.
755 1134 881 1195 diceres:
903 1142 984 1193 Deua
995 1139 1115 1195 ιιὶοιιιοίο

66 1222 150 1293 asopo
170 1236 202 1275 er
222 1217 284 1275 siclt
300 1215 416 1273 riilmteo
435 1236 463 1273 ιι.
485 1236 509 1273 a.
531 1236 569 1275 ιιι.
612 1212 672 1276 Sed
693 1220 864 1288 rectissume
887 1228 984 1277 tumen
1008 1217 1116 1277 dictum

69 1309 130 1359 est:
164 1292 211 1381 μὴ
233 1294 298 1381 γὰρ
319 1290 436 1381 ἐγχάνῃ
458 1294 543 1361 ποτὲ
566 1291 630 1359 uti·
673 1297 780 1374 Neque
800 1303 881 1360 enim
901 1322 955 1377 per
976 1320 1039 1359 sese
1060 1309 1115 1358 stat

66 1385 127 1457 ista
151 1382 306 1455 sententia,
328 1380 380 1439 sed
401 1388 447 1441 est
467 1384 632 1441 consecutio
652 1379 739 1441 haec:
763 1380 919 1457 διωκτέος
941 1379 986 1455 δέ,
1007 1377 1052 1466 μὴ
1075 1418 1114 1428 -

67 1460 200 1549 ἐγχάνῃ.
242 1463 331 1545 Quod
353 1473 449 1524 autem
469 1466 640 1539 interposita
662 1472 707 1525 est
726 1467 868 1541 particula
894 1458 968 1549 γάρ,
984 1464 1016 1523 id
1038 1464 1117 1523 nihil

68 1546 152 1607 aliud
172 1548 232 1608 sibi
250 1548 324 1622 volt,
345 1550 403 1606 uisi
423 1556 456 1605 nt
474 1547 514 1623 id,
536 1548 615 1621 quod
634 1550 667 1607 in
686 1553 889 1609 consecutione
909 1551 1038 1624 positum
1059 1558 1117 1624 est,

68 1653 134 1691 cnm
162 1632 384 1692 adseveratione
407 1652 446 1690 ex
469 1631 703 1691 antecedentibus
725 1632 891 1693 deducatur.
933 1631 1045 1690 Eadem
1072 1632 1116 1689 di·

70 1714 157 1775 cendi
182 1718 257 1775 ratio
284 1716 481 1775 usitatissunra
511 1723 555 1773 est
580 1718 614 1773 in
637 1714 771 1791 dialogo,
799 1737 840 1775 ex
863 1735 920 1790 quo
942 1735 1050 1791 genere
1072 1722 1116 1773 est

69 1798 146 1857 illud
165 1796 311 1874 Aeschyli
338 1800 373 1856 in
394 1798 559 1858 Ριοιιιοιιιοο
585 1820 617 1857 r.
639 1804 728 1875 387„
757 1821 816 1874 quo
841 1802 874 1858 in
894 1800 957 1857 loco
980 1798 1115 1858 Oceanus

72 1881 157 1941 dicite

244 1978 349 2049 Σαφῶς
363 1974 395 2046 μ’
414 1976 442 2037 ἐς
460 1968 537 2032 οἷκον
553 1973 699 2048 σὸς,λόγος
716 1980 820 2032 στέλλει
835 1974 938 2045 nitor„

65 2096 263 2161 'Prometheus
285 2104 382 2159 autem
404 2098 575 2181 respondet:

261 2226 313 2296 Μὴ
330 2225 385 2302 γάρ
405 2244 436 2283 σε
453 2231 556 2302 θρῆνος
573 2224 658 2300 topos
675 2230 714 2288 εἰς
731 2228 838 2302 ἔχθραν
855 2222 933 2300 βάλῃ.

72 2350 214 2424 Denique
232 2353 285 2411 rix
306 2358 351 2409 est
372 2348 450 2423 quod
472 2349 564 2409 dicam
585 2350 757 2425 particulam
774 2346 837 2431 γὰρ
858 2350 899 2406 ibi
917 2368 1045 2423 quoque,
1065 2349 1117 2407 ubi

74 2434 185 2493 adiecta
212 2434 248 2495 ad
270 2434 344 2493 alias
365 2432 519 2507 particulas
540 2433 670 2509 legatur,
701 2442 734 2492 ut
757 2435 950 2491 consociatam
972 2432 1118 2505 quandam

75 2516 317 2593 significationem
339 2536 403 2575 curn
425 2517 486 2575 illis
507 2516 614 2576 habere
635 2517 783 2592 rideatur,
807 2536 890 2575 suam
915 2537 947 2573 ac
969 2518 1118 2589 propriam

75 2622 191 2661 servare
209 2605 288 2677 vim,
307 2610 339 2659 ut
357 2622 422 2659 cnm
443 2602 663 2659 ratiocinatione
683 2600 849 2676 adseveret,
868 2601 961 2658 veluti
982 2600 1008 2659 si
1031 2590 1118 2659 ἀλλὰ

75 2678 149 2767 γάρ,
172 2676 234 2747 διὰ
278 2678 350 2769 γάρ,
373 2679 428 2745 καὶ
446 2677 517 2766 γάρ,
539 2680 599 2761 μὲν
616 2678 688 2767 γάρ,
710 2705 746 2746 τε
759 2677 831 2765 γάρ,
853 2679 981 2766 corycio
1003 2682 1119 2740 dicitnr.

73 2769 125 2828 Ac
154 2766 191 2825 de
214 2706 298 2829 cillo
317 2762 380 2849 γὰρ
402 2767 530 2825 diximus
551 2769 610 2825 iam
633 2788 722 2843 snpra
741 2790 771 2841 p.
793 2775 834 2823 22
856 2788 941 2841 sqq.‚
971 2766 1007 2824 de
1030 2758 1118 2845 ἀτὰρ

74 2847 143 2953 γὰρ
170 2870 201 2923 p.
231 2854 317 2924 197„
348 2850 385 2909 de
416 2853 518 2910 ceteris
547 2859 644 2909 autem
669 2852 748 2909 inira
773 2850 884 2909 dicetur
908 2853 942 2909 in
968 2848 1118 2923 particulis

74 2954 148 3008 και,
167 2927 238 3007 μέν,
259 2928 302 3003 τέ,
323 2928 384 2995 τοί.

162 3010 226 3074 Nee
256 3018 282 3075 si
311 3016 424 3090 qnando
450 3014 593 3090 particula
621 3008 684 3095 γὰρ
715 3014 787 3071 alias
815 3015 971 3085 particulas
998 3017 1040 3071 ita
1069 3012 1120 3069 ad-

76 3102 192 3159 iunctas
222 3096 327 3174 habet,
363 3110 395 3157 ut
428 3120 526 3157 aarum
556 3097 729 3172 significatio
759 3096 907 3154 commodo
934 3118 952 3152 a
980 3096 1121 3170 particula
1177 3140 1185 3148 .

75 3179 142 3264 yolo
163 3186 293 3259 separari
314 3204 400 3257 posse
422 3204 484 3240 non
506 3181 649 3253 videatur,
673 3179 759 3236 aliam
783 3181 849 3252 ipsa
873 3182 983 3251 accepit
1002 3180 1062 3235 vim
1089 3196 1122 3232 ac

75 3274 260 3341 potestatem,
282 3266 331 3325 sed
352 3269 445 3341 prima
468 3266 519 3323 illo
541 3286 574 3321 ac
589 3266 689 3321 nativa
704 3264 767 3320 eius
780 3262 934 3336 particulae
949 3259 1121 3336 significatio

75 3352 108 3408 in
135 3352 268 3408 omnibus
290 3348 337 3408 his
357 3351 430 3408 locis
450 3348 582 3423 intellegi
605 3346 690 3404 lacile
713 3353 819 3418 potest.

161 3431 227 3492 Hoc
247 3433 320 3492 adeo
339 3436 373 3493 in
392 3434 550 3491 coniunctis
570 3429 721 3511 particulis
743 3422 806 3507 γὰρ
828 3416 907 3506 δρα,
937 3444 1009 3500 quas
1030 3424 1122 3501 adtigi
1140 3435 1196 3513 Γὰρ
1214 3434 1277 3510 ἄρα.

76 3536 167 3589 snpra
186 3539 217 3593 p.
241 3518 301 3576 1⁸75
323 3536 387 3591 sq„
419 3517 554 3588 cognosci
575 3520 688 3587 potest,
710 3513 767 3569 etsi
788 3514 820 3568 in
841 3509 889 3568 his
911 3509 1027 3583 quidem
1049 3511 1123 3569 loeis

75 3602 118 3657 ita
150 3602 244 3674 prima
272 3603 318 3659 vis
344 3599 503 3675 particulae
527 3594 588 3680 γὰρ
615 3598 765 3653 obscurata
789 3595 833 3653 esi
855 3592 991 3650 diuturno
1014 3614 1069 3651 uso
1091 3612 1124 3650 ao

76 3692 177 3743 vetere
196 3682 337 3758 loquendi
358 3682 585 3755 consuetudine,
606 3690 638 3737 ut
662 3676 803 3753 eandem,
827 3696 868 3735 ex
890 3696 948 3750 qua
968 3677 1033 3747 ipsa
1055 3685 1125 3731 nata

78 3776 142 3839 ast,
164 3787 267 3827 vocem
289 3766 384 3826 denno
402 3766 565 3825 adiunctam
584 3762 706 3835 habeat,
728 3764 809 3821 cuius
828 3763 871 3819 rei
890 3759 1024 3833 exempla
1040 3756 1125 3832 plura

77 3848 212 3911 Platonis
241 3850 358 3927 collegit
388 3848 572 3923 Hartungius
600 3846 620 3904 l.
648 3845 670 3904 l.
699 3846 759 3903 vol.
783 3843 807 3904 l.
837 3867 865 3919 p.
889 3848 950 3901 439
974 3864 1020 3915 sq.
1068 3838 1125 3898 llle

76 3935 162 3991 enirn
191 3936 224 3993 de
251 3934 420 4011 republica
450 3941 480 3993 et
501 3933 554 3992 lib.
577 3927 618 3987 ll.
642 3928 722 3987 Part.
743 3926 799 3989 Ill.
820 3927 879 3988 vol.
900 3924 925 3984 l.
947 3948 977 3999 p.
1002 3929 1053 3985 59.
1078 3924 1125 3983 ed.
1227 3978 1232 3983 ,

75 4012 180 4076 Belk.
212 4038 243 4093 p.
272 4020 344 4076 358.
372 4014 406 4076 G.
441 4016 487 4077 ed.
518 4012 559 4072 H.
587 4010 690 4089 Steph.
721 4014 856 4087 scripsit:
892 4004 1057 4093 Acritapov
1089 4002 1128 4069 δὲ

76 4096 181 4181 [ἐρῶ]
203 4096 258 4164 δτι
280 4092 402 4175 πάντες
424 4091 505 4163 αὐτὸ
529 4088 561 4161 oi
580 4089 834 4175 ἐπιτηδεύοντες
857 4083 992 4164 ἄκοντες
1014 4087 1128 4169 ἐπιτη-

76 4177 234 4245 δεύουσιν
264 4176 310 4257 ὡς
338 4174 516 4264 ἀναγκαῖοι
544 4170 612 4245 ἀλλ’
638 4173 696 4255 οὐχ
718 4172 764 4251 ὡς
786 4167 931 4257 ἀγαθόν,
958 4166 1069 4254 τρίτον
1091 4166 1128 4234 δὲ

76 4262 135 4326 ὅτι
163 4260 302 4340 εἰκότως
324 4258 404 4329 αὐτὸ
430 4263 551 4347 δρῶσι·
581 4256 669 4327 πολὺ
685 4255 753 4361 κὰρ
776 4251 917 4335 ἀμείνων
931 4247 1007 4339 ripe
1028 4246 1046 4316 ὃ
1068 4252 1128 4315 τοῦ
1236 4306 1242 4319 ,

13 4430 15 4549 h
76 4338 201 4491 ddi'pov
223 4341 245 4431 ἢ
268 4340 287 4413 ὁ
308 4349 368 4414 τοῦ
392 4340 523 4412 δικαίου
544 4338 619 4425 βίος
642 4364 707 4407 rae.
732 4353 762 4405 et
783 4343 837 4402 lib.
857 4337 921 4482 ll7
938 4361 968 4415 p.
992 4342 1061 4397 199.
1083 4337 1127 4396 ed.
