<?xml version="1.0" encoding="UTF-8"?>
<!DOCTYPE html PUBLIC "-//W3C//DTD XHTML 1.0 Transitional//EN"
    "http://www.w3.org/TR/xhtml1/DTD/xhtml1-transitional.dtd">
<html xmlns="http://www.w3.org/1999/xhtml" xml:lang="en" lang="en">
 <head>
  <title>
</title>
<meta http-equiv="Content-Type" content="text/html;charset=utf-8" />
  <meta name='ocr-system' content='tesseract 3.04.00' />
  <meta name='ocr-capabilities' content='ocr_page ocr_carea ocr_par ocr_line ocrx_word'/>
</head>
<body>
  <div class='ocr_page' id='page_1' title='image "./matthaeidevarii00unkngoog_0463.png"; bbox 0 0 2850 4842; ppageno 0'>
   <div class='ocr_carea' id='block_1_1' title="bbox 596 513 1204 595">
    <p class='ocr_par' dir='ltr' id='par_1_1' title="bbox 596 513 1204 595">
     <span class='ocr_line' id='line_1_1' title="bbox 596 513 1204 595; baseline -0.005 -9"><span class='ocrx_word' id='word_1_1' title='bbox 596 513 655 586; x_wconf 73' lang='lat' dir='ltr'><strong>iv.</strong></span> <span class='ocrx_word' id='word_1_2' title='bbox 1086 525 1151 595; x_wconf 73' lang='lat' dir='ltr'><strong>tls</strong></span> <span class='ocrx_word' id='word_1_3' title='bbox 1201 576 1204 583; x_wconf 87' lang='lat'><strong>.</strong></span> 
     </span>
    </p>
   </div>
   <div class='ocr_carea' id='block_1_2' title="bbox 94 686 1151 1104">
    <p class='ocr_par' dir='ltr' id='par_1_2' title="bbox 94 686 1151 1104">
     <span class='ocr_line' id='line_1_2' title="bbox 94 686 1151 773; baseline 0 -17"><span class='ocrx_word' id='word_1_4' title='bbox 94 698 177 756; x_wconf 84' lang='lat' dir='ltr'><strong>enim</strong></span> <span class='ocrx_word' id='word_1_5' title='bbox 208 692 362 769; x_wconf 83' lang='lat' dir='ltr'><strong>aliquanto</strong></span> <span class='ocrx_word' id='word_1_6' title='bbox 391 688 509 766; x_wconf 76' lang='lat' dir='ltr'><strong>longius</strong></span> <span class='ocrx_word' id='word_1_7' title='bbox 535 686 584 749; x_wconf 77' lang='lat' dir='ltr'><strong>tic</strong></span> <span class='ocrx_word' id='word_1_8' title='bbox 614 711 684 750; x_wconf 90' lang='lat' dir='ltr'><strong>usus</strong></span> <span class='ocrx_word' id='word_1_9' title='bbox 714 694 855 753; x_wconf 86' lang='lat' dir='ltr'><strong>orationis</strong></span> <span class='ocrx_word' id='word_1_10' title='bbox 880 694 1032 772; x_wconf 80' lang='lat' dir='ltr'>obliquae,</span> <span class='ocrx_word' id='word_1_11' title='bbox 1062 718 1151 773; x_wconf 82' lang='lat' dir='ltr'><strong>quam</strong></span> 
     </span>
     <span class='ocr_line' id='line_1_3' title="bbox 95 774 1150 859; baseline 0.003 -22"><span class='ocrx_word' id='word_1_12' title='bbox 95 778 280 856; x_wconf 72' lang='lat' dir='ltr'><strong>grammatici</strong></span> <span class='ocrx_word' id='word_1_13' title='bbox 300 775 386 835; x_wconf 87' lang='lat' dir='ltr'><strong>statui</strong></span> <span class='ocrx_word' id='word_1_14' title='bbox 406 774 577 850; x_wconf 80' lang='lat' dir='ltr'><strong>votuerunt,</strong></span> <span class='ocrx_word' id='word_1_15' title='bbox 602 782 634 833; x_wconf 91' lang='lat' dir='ltr'><strong>ut</strong></span> <span class='ocrx_word' id='word_1_16' title='bbox 655 775 744 834; x_wconf 89' lang='lat' dir='ltr'><strong>etiam</strong></span> <span class='ocrx_word' id='word_1_17' title='bbox 765 778 809 837; x_wconf 82' lang='lat' dir='ltr'><strong>iti</strong></span> <span class='ocrx_word' id='word_1_18' title='bbox 829 778 977 838; x_wconf 78' lang='lat' dir='ltr'><strong>interdum</strong></span> <span class='ocrx_word' id='word_1_19' title='bbox 999 790 1150 859; x_wconf 80' lang='lat' dir='ltr'><strong>apparent,</strong></span> 
     </span>
     <span class='ocr_line' id='line_1_4' title="bbox 97 860 1149 934; baseline 0.009 -14"><span class='ocrx_word' id='word_1_20' title='bbox 97 866 149 922; x_wconf 76' lang='lat' dir='ltr'><strong>not</strong></span> <span class='ocrx_word' id='word_1_21' title='bbox 170 864 336 921; x_wconf 84' lang='lat' dir='ltr'><strong>orationem</strong></span> <span class='ocrx_word' id='word_1_22' title='bbox 356 865 465 917; x_wconf 88' lang='lat' dir='ltr'><strong>rectam</strong></span> <span class='ocrx_word' id='word_1_23' title='bbox 485 861 584 932; x_wconf 85' lang='lat' dir='ltr'><strong>potius</strong></span> <span class='ocrx_word' id='word_1_24' title='bbox 607 862 836 934; x_wconf 79' lang='lat' dir='ltr'><strong>exspectaveris.</strong></span> <span class='ocrx_word' id='word_1_25' title='bbox 879 860 934 921; x_wconf 83' lang='lat' dir='ltr'><strong>Est</strong></span> <span class='ocrx_word' id='word_1_26' title='bbox 955 872 1051 923; x_wconf 80' lang='lat' dir='ltr'><strong>nutem</strong></span> <span class='ocrx_word' id='word_1_27' title='bbox 1072 872 1149 929; x_wconf 74' lang='lat' dir='ltr'><strong>totu!</strong></span> 
     </span>
     <span class='ocr_line' id='line_1_5' title="bbox 96 942 1149 1019; baseline 0.003 -13"><span class='ocrx_word' id='word_1_28' title='bbox 96 951 130 1006; x_wconf 89' lang='lat' dir='ltr'><strong>iu</strong></span> <span class='ocrx_word' id='word_1_29' title='bbox 154 948 297 1004; x_wconf 83' lang='lat' dir='ltr'><strong>arbitratu</strong></span> <span class='ocrx_word' id='word_1_30' title='bbox 318 944 472 1015; x_wconf 87' lang='lat' dir='ltr'><strong>scriptoris</strong></span> <span class='ocrx_word' id='word_1_31' title='bbox 493 942 621 1019; x_wconf 86' lang='lat' dir='ltr'><strong>positus,</strong></span> <span class='ocrx_word' id='word_1_32' title='bbox 648 951 682 1001; x_wconf 90' lang='lat' dir='ltr'><strong>ut</strong></span> <span class='ocrx_word' id='word_1_33' title='bbox 702 963 750 1002; x_wconf 89' lang='lat' dir='ltr'><strong>res</strong></span> <span class='ocrx_word' id='word_1_34' title='bbox 771 947 907 1004; x_wconf 79' lang='lat' dir='ltr'><strong>uniuersa</strong></span> <span class='ocrx_word' id='word_1_35' title='bbox 929 946 966 1005; x_wconf 82' lang='lat' dir='ltr'><strong>acl</strong></span> <span class='ocrx_word' id='word_1_36' title='bbox 987 958 1149 1009; x_wconf 70' lang='lat' dir='ltr'><strong>certame-</strong></span> 
     </span>
     <span class='ocr_line' id='line_1_6' title="bbox 97 1026 1149 1104; baseline 0.003 -16"><span class='ocrx_word' id='word_1_37' title='bbox 97 1031 181 1104; x_wconf 78' lang='lat' dir='ltr'><strong>gulas</strong></span> <span class='ocrx_word' id='word_1_38' title='bbox 200 1029 334 1088; x_wconf 82' lang='lat' dir='ltr'><strong>revueari</strong></span> <span class='ocrx_word' id='word_1_39' title='bbox 352 1046 412 1083; x_wconf 91' lang='lat' dir='ltr'><strong>uon</strong></span> <span class='ocrx_word' id='word_1_40' title='bbox 432 1028 537 1101; x_wconf 78' lang='lat' dir='ltr'><strong>possit,</strong></span> <span class='ocrx_word' id='word_1_41' title='bbox 559 1027 610 1085; x_wconf 79' lang='lat' dir='ltr'><strong>ssd</strong></span> <span class='ocrx_word' id='word_1_42' title='bbox 630 1029 661 1084; x_wconf 91' lang='lat' dir='ltr'><strong>in</strong></span> <span class='ocrx_word' id='word_1_43' title='bbox 682 1026 809 1103; x_wconf 78' lang='lat' dir='ltr'><strong>singulis</strong></span> <span class='ocrx_word' id='word_1_44' title='bbox 831 1037 940 1088; x_wconf 86' lang='lat' dir='ltr'><strong>tautum</strong></span> <span class='ocrx_word' id='word_1_45' title='bbox 957 1030 1030 1091; x_wconf 81' lang='lat' dir='ltr'><strong>locis</strong></span> <span class='ocrx_word' id='word_1_46' title='bbox 1045 1032 1149 1091; x_wconf 80' lang='lat' dir='ltr'><strong>viden·</strong></span> 
     </span>
    </p>
   </div>
   <div class='ocr_carea' id='block_1_3' title="bbox 99 1110 1242 1187">
    <p class='ocr_par' dir='ltr' id='par_1_3' title="bbox 99 1110 1242 1187">
     <span class='ocr_line' id='line_1_7' title="bbox 99 1110 1242 1187; baseline 0.003 -15"><span class='ocrx_word' id='word_1_47' title='bbox 99 1115 168 1172; x_wconf 83' lang='lat' dir='ltr'><strong>inm</strong></span> <span class='ocrx_word' id='word_1_48' title='bbox 189 1114 238 1187; x_wconf 85' lang='lat' dir='ltr'><strong>sit,</strong></span> <span class='ocrx_word' id='word_1_49' title='bbox 261 1110 332 1186; x_wconf 87' lang='lat' dir='ltr'><strong>quid</strong></span> <span class='ocrx_word' id='word_1_50' title='bbox 354 1111 503 1183; x_wconf 81' lang='lat' dir='ltr'><strong>scriptoris</strong></span> <span class='ocrx_word' id='word_1_51' title='bbox 524 1131 606 1185; x_wconf 85' lang='lat' dir='ltr'><strong>osus,</strong></span> <span class='ocrx_word' id='word_1_52' title='bbox 628 1111 699 1185; x_wconf 81' lang='lat' dir='ltr'><strong>quid</strong></span> <span class='ocrx_word' id='word_1_53' title='bbox 721 1120 779 1170; x_wconf 90' lang='lat' dir='ltr'><strong>tota</strong></span> <span class='ocrx_word' id='word_1_54' title='bbox 801 1116 1012 1173; x_wconf 84' lang='lat' dir='ltr'><strong>sententiarum</strong></span> <span class='ocrx_word' id='word_1_55' title='bbox 1032 1116 1148 1176; x_wconf 79' lang='lat' dir='ltr'><strong>confor-</strong></span> <span class='ocrx_word' id='word_1_56' title='bbox 1232 1174 1242 1187; x_wconf 79' lang='grc'><em>,</em></span> 
     </span>
    </p>
   </div>
   <div class='ocr_carea' id='block_1_4' title="bbox 98 1196 1148 1939">
    <p class='ocr_par' dir='ltr' id='par_1_4' title="bbox 98 1196 689 1271">
     <span class='ocr_line' id='line_1_8' title="bbox 98 1196 689 1271; baseline -0.007 -16"><span class='ocrx_word' id='word_1_57' title='bbox 98 1196 199 1271; x_wconf 85' lang='lat' dir='ltr'><strong>inetio,</strong></span> <span class='ocrx_word' id='word_1_58' title='bbox 222 1196 359 1270; x_wconf 80' lang='lat' dir='ltr'><strong>quidvis</strong></span> <span class='ocrx_word' id='word_1_59' title='bbox 385 1196 525 1253; x_wconf 87' lang='lat' dir='ltr'><strong>orationis</strong></span> <span class='ocrx_word' id='word_1_60' title='bbox 549 1196 689 1269; x_wconf 77' lang='lat' dir='ltr'><strong>requirat.</strong></span> 
     </span>
    </p>

    <p class='ocr_par' dir='ltr' id='par_1_5' title="bbox 99 1270 1148 1939">
     <span class='ocr_line' id='line_1_9' title="bbox 183 1270 1148 1358; baseline 0.005 -23"><span class='ocrx_word' id='word_1_61' title='bbox 183 1279 274 1358; x_wconf 82' lang='lat' dir='ltr'><strong>Quod</strong></span> <span class='ocrx_word' id='word_1_62' title='bbox 292 1276 439 1336; x_wconf 66' lang='lat' dir='ltr'><strong>Ducarius</strong></span> <span class='ocrx_word' id='word_1_63' title='bbox 460 1299 491 1351; x_wconf 92' lang='lat' dir='ltr'><strong>p.</strong></span> <span class='ocrx_word' id='word_1_64' title='bbox 514 1282 564 1338; x_wconf 77' lang='lat' dir='ltr'><strong>st.</strong></span> <span class='ocrx_word' id='word_1_65' title='bbox 584 1282 623 1337; x_wconf 86' lang='lat' dir='ltr'><strong>ait</strong></span> <span class='ocrx_word' id='word_1_66' title='bbox 642 1300 729 1353; x_wconf 88' lang='lat' dir='ltr'><strong>posse</strong></span> <span class='ocrx_word' id='word_1_67' title='bbox 751 1282 839 1337; x_wconf 87' lang='lat' dir='ltr'><strong>etiam</strong></span> <span class='ocrx_word' id='word_1_68' title='bbox 860 1270 900 1341; x_wconf 75' lang='lat' dir='ltr'><strong>ilo</strong></span> <span class='ocrx_word' id='word_1_69' title='bbox 920 1282 1089 1353; x_wconf 70' lang='lat' dir='ltr'><strong>particulam</strong></span> <span class='ocrx_word' id='word_1_70' title='bbox 1111 1279 1148 1340; x_wconf 71' lang='lat' dir='ltr'><strong>sul</strong></span> 
     </span>
     <span class='ocr_line' id='line_1_10' title="bbox 100 1360 1147 1439; baseline 0.001 -17"><span class='ocrx_word' id='word_1_71' title='bbox 100 1366 314 1422; x_wconf 82' lang='lat' dir='ltr'><strong>coniunctivuns</strong></span> <span class='ocrx_word' id='word_1_72' title='bbox 335 1360 432 1435; x_wconf 87' lang='lat' dir='ltr'><strong>adiici,</strong></span> <span class='ocrx_word' id='word_1_73' title='bbox 453 1363 534 1420; x_wconf 87' lang='lat' dir='ltr'><strong>cuius</strong></span> <span class='ocrx_word' id='word_1_74' title='bbox 552 1365 597 1420; x_wconf 90' lang='lat' dir='ltr'><strong>rei</strong></span> <span class='ocrx_word' id='word_1_75' title='bbox 611 1363 780 1439; x_wconf 84' lang='lat' dir='ltr'><strong>exemplum</strong></span> <span class='ocrx_word' id='word_1_76' title='bbox 794 1365 890 1437; x_wconf 84' lang='lat' dir='ltr'><strong>posuit</strong></span> <span class='ocrx_word' id='word_1_77' title='bbox 903 1361 1036 1424; x_wconf 72' lang='lat' dir='ltr'><strong>Platonis</strong></span> <span class='ocrx_word' id='word_1_78' title='bbox 1053 1364 1147 1423; x_wconf 88' lang='lat' dir='ltr'><strong>locum</strong></span> 
     </span>
     <span class='ocr_line' id='line_1_11' title="bbox 101 1443 1145 1531; baseline 0 -25"><span class='ocrx_word' id='word_1_79' title='bbox 101 1469 142 1506; x_wconf 87' lang='lat' dir='ltr'><strong>ex</strong></span> <span class='ocrx_word' id='word_1_80' title='bbox 169 1447 299 1505; x_wconf 74' lang='lat' dir='ltr'><strong>Pltoerlro</strong></span> <span class='ocrx_word' id='word_1_81' title='bbox 325 1443 405 1503; x_wconf 76' lang='lat' dir='ltr'><strong>Part.</strong></span> <span class='ocrx_word' id='word_1_82' title='bbox 434 1443 458 1502; x_wconf 97' lang='lat' dir='ltr'><strong>l.</strong></span> <span class='ocrx_word' id='word_1_83' title='bbox 484 1445 543 1505; x_wconf 80' lang='lat' dir='ltr'><strong>vol.</strong></span> <span class='ocrx_word' id='word_1_84' title='bbox 565 1443 588 1504; x_wconf 89' lang='grc' dir='ltr'><strong>Ι.</strong></span> <span class='ocrx_word' id='word_1_85' title='bbox 619 1468 648 1520; x_wconf 90' lang='lat' dir='ltr'><strong>p.</strong></span> <span class='ocrx_word' id='word_1_86' title='bbox 670 1450 721 1504; x_wconf 80' lang='lat'><strong>74.</strong></span> <span class='ocrx_word' id='word_1_87' title='bbox 752 1448 798 1504; x_wconf 85' lang='lat' dir='ltr'><strong>ed.</strong></span> <span class='ocrx_word' id='word_1_88' title='bbox 821 1444 921 1505; x_wconf 73' lang='lat' dir='ltr'><strong>Beki.</strong></span> <span class='ocrx_word' id='word_1_89' title='bbox 945 1469 975 1521; x_wconf 93' lang='lat' dir='ltr'><strong>p.</strong></span> <span class='ocrx_word' id='word_1_90' title='bbox 999 1454 1071 1506; x_wconf 83' lang='grc'><strong>263.</strong></span> <span class='ocrx_word' id='word_1_91' title='bbox 1094 1448 1145 1531; x_wconf 80' lang='grc' dir='ltr'><strong>Ιοι1.</strong></span> 
     </span>
     <span class='ocr_line' id='line_1_12' title="bbox 100 1528 1147 1605; baseline 0.001 -16"><span class='ocrx_word' id='word_1_92' title='bbox 100 1529 142 1588; x_wconf 86' lang='grc' dir='ltr'><strong>Η.</strong></span> <span class='ocrx_word' id='word_1_93' title='bbox 162 1528 277 1605; x_wconf 61' lang='lat' dir='ltr'><strong>Steph„</strong></span> <span class='ocrx_word' id='word_1_94' title='bbox 298 1529 330 1587; x_wconf 81' lang='lat' dir='ltr'><strong>id</strong></span> <span class='ocrx_word' id='word_1_95' title='bbox 352 1528 460 1586; x_wconf 85' lang='lat' dir='ltr'><strong>falsum</strong></span> <span class='ocrx_word' id='word_1_96' title='bbox 477 1550 543 1588; x_wconf 87' lang='lat' dir='ltr'><strong>esse</strong></span> <span class='ocrx_word' id='word_1_97' title='bbox 562 1531 616 1588; x_wconf 78' lang='lat' dir='ltr'><strong>vix</strong></span> <span class='ocrx_word' id='word_1_98' title='bbox 637 1540 680 1587; x_wconf 86' lang='lat' dir='ltr'><strong>est</strong></span> <span class='ocrx_word' id='word_1_99' title='bbox 700 1528 789 1588; x_wconf 82' lang='lat' dir='ltr'><strong>hodie</strong></span> <span class='ocrx_word' id='word_1_100' title='bbox 810 1528 888 1603; x_wconf 87' lang='lat' dir='ltr'><strong>quod</strong></span> <span class='ocrx_word' id='word_1_101' title='bbox 910 1531 1010 1589; x_wconf 82' lang='lat' dir='ltr'><strong>dicam.</strong></span> <span class='ocrx_word' id='word_1_102' title='bbox 1053 1528 1093 1589; x_wconf 88' lang='lat' dir='ltr'><strong>Et</strong></span> <span class='ocrx_word' id='word_1_103' title='bbox 1113 1534 1147 1590; x_wconf 93' lang='lat' dir='ltr'><strong>in</strong></span> 
     </span>
     <span class='ocr_line' id='line_1_13' title="bbox 99 1611 1146 1688; baseline 0.002 -16"><span class='ocrx_word' id='word_1_104' title='bbox 99 1612 232 1673; x_wconf 74' lang='lat' dir='ltr'><strong>Platonis</strong></span> <span class='ocrx_word' id='word_1_105' title='bbox 259 1612 376 1688; x_wconf 86' lang='lat' dir='ltr'><strong>quidem</strong></span> <span class='ocrx_word' id='word_1_106' title='bbox 405 1612 468 1670; x_wconf 89' lang='lat' dir='ltr'><strong>loco</strong></span> <span class='ocrx_word' id='word_1_107' title='bbox 490 1611 649 1672; x_wconf 77' lang='lat' dir='ltr'><strong>Belslueros</strong></span> <span class='ocrx_word' id='word_1_108' title='bbox 674 1616 845 1673; x_wconf 80' lang='lat' dir='ltr'><strong>rectissume</strong></span> <span class='ocrx_word' id='word_1_109' title='bbox 865 1626 905 1672; x_wconf 79' lang='lat' dir='ltr'><strong>ex</strong></span> <span class='ocrx_word' id='word_1_110' title='bbox 926 1614 1010 1674; x_wconf 88' lang='lat' dir='ltr'><strong>libris</strong></span> <span class='ocrx_word' id='word_1_111' title='bbox 1034 1621 1146 1674; x_wconf 89' lang='lat' dir='ltr'><strong>tantum</strong></span> 
     </span>
     <span class='ocr_line' id='line_1_14' title="bbox 99 1680 1146 1782; baseline 0.004 -25"><span class='ocrx_word' id='word_1_112' title='bbox 99 1720 159 1757; x_wconf 90' lang='lat' dir='ltr'><strong>non</strong></span> <span class='ocrx_word' id='word_1_113' title='bbox 181 1698 315 1756; x_wconf 78' lang='lat' dir='ltr'><strong>omuibus</strong></span> <span class='ocrx_word' id='word_1_114' title='bbox 337 1680 444 1755; x_wconf 77' lang='lat' dir='ltr'><strong>elidii:</strong></span> <span class='ocrx_word' id='word_1_115' title='bbox 476 1692 591 1759; x_wconf 82' lang='grc' dir='ltr'><em>Καλὸν</em></span> <span class='ocrx_word' id='word_1_116' title='bbox 632 1697 689 1759; x_wconf 79' lang='grc' dir='ltr'><strong>οὖν</strong></span> <span class='ocrx_word' id='word_1_117' title='bbox 711 1686 768 1769; x_wconf 73' lang='grc' dir='ltr'><strong>ἄν,</strong></span> <span class='ocrx_word' id='word_1_118' title='bbox 794 1686 1030 1782; x_wconf 79' lang='grc' dir='ltr'><em>ὦΣώκρατες,</em></span> <span class='ocrx_word' id='word_1_119' title='bbox 1054 1686 1146 1773; x_wconf 78' lang='grc' dir='ltr'><em>εἶδος</em></span> 
     </span>
     <span class='ocr_line' id='line_1_15' title="bbox 100 1719 1145 1864; baseline -0.006 -19"><span class='ocrx_word' id='word_1_120' title='bbox 100 1776 152 1864; x_wconf 77' lang='lat' dir='ltr'><strong>si&#39;p</strong></span> <span class='ocrx_word' id='word_1_121' title='bbox 174 1801 331 1843; x_wconf 83' lang='grc' dir='ltr'><em>κατανενο</em></span> <span class='ocrx_word' id='word_1_122' title='bbox 356 1773 423 1853; x_wconf 66' lang='lat' dir='ltr'><strong>stig</strong></span> <span class='ocrx_word' id='word_1_123' title='bbox 443 1770 461 1840; x_wconf 86' lang='grc' dir='ltr'>ὁ</span> <span class='ocrx_word' id='word_1_124' title='bbox 485 1719 743 1858; x_wconf 60' lang='lat' dir='ltr'><strong>anticuissima,</strong></span> <span class='ocrx_word' id='word_1_125' title='bbox 769 1780 802 1837; x_wconf 86' lang='lat' dir='ltr'><strong>in</strong></span> <span class='ocrx_word' id='word_1_126' title='bbox 829 1780 920 1838; x_wconf 88' lang='lat' dir='ltr'><strong>altero</strong></span> <span class='ocrx_word' id='word_1_127' title='bbox 946 1781 1026 1857; x_wconf 90' lang='lat' dir='ltr'><strong>loco,</strong></span> <span class='ocrx_word' id='word_1_128' title='bbox 1057 1801 1145 1855; x_wconf 86' lang='lat' dir='ltr'><strong>quem</strong></span> 
     </span>
     <span class='ocr_line' id='line_1_16' title="bbox 100 1801 1146 1939; baseline 0.002 -16"><span class='ocrx_word' id='word_1_129' title='bbox 100 1868 142 1923; x_wconf 85' lang='lat' dir='ltr'><strong>ait</strong></span> <span class='ocrx_word' id='word_1_130' title='bbox 165 1862 312 1923; x_wconf 76' lang='lat' dir='ltr'><strong>Desertus</strong></span> <span class='ocrx_word' id='word_1_131' title='bbox 334 1801 442 1921; x_wconf 67' lang='lat' dir='ltr'><strong>isaberi</strong></span> <span class='ocrx_word' id='word_1_132' title='bbox 468 1864 501 1920; x_wconf 96' lang='lat' dir='ltr'><strong>in</strong></span> <span class='ocrx_word' id='word_1_133' title='bbox 522 1860 668 1921; x_wconf 84' lang='lat' dir='ltr'><strong>Isocratis‘</strong></span> <span class='ocrx_word' id='word_1_134' title='bbox 681 1867 869 1939; x_wconf 73' lang='grc' dir='ltr'><em>Ροιιορρήοο,</em></span> <span class='ocrx_word' id='word_1_135' title='bbox 906 1866 938 1922; x_wconf 91' lang='lat' dir='ltr'><strong>in</strong></span> <span class='ocrx_word' id='word_1_136' title='bbox 964 1886 1022 1939; x_wconf 83' lang='lat' dir='ltr'><strong>qno</strong></span> <span class='ocrx_word' id='word_1_137' title='bbox 1047 1873 1146 1925; x_wconf 80' lang='lat' dir='ltr'><strong>tomen</strong></span> 
     </span>
    </p>
   </div>
   <div class='ocr_carea' id='block_1_5' title="bbox 99 1946 1239 2025">
    <p class='ocr_par' dir='ltr' id='par_1_6' title="bbox 99 1946 1239 2025">
     <span class='ocr_line' id='line_1_17' title="bbox 99 1946 1239 2025; baseline -0.001 -18"><span class='ocrx_word' id='word_1_138' title='bbox 99 1951 126 2007; x_wconf 87' lang='lat' dir='ltr'><strong>is</strong></span> <span class='ocrx_word' id='word_1_139' title='bbox 147 1970 207 2007; x_wconf 88' lang='lat' dir='ltr'><strong>non</strong></span> <span class='ocrx_word' id='word_1_140' title='bbox 230 1948 349 2025; x_wconf 83' lang='lat' dir='ltr'><strong>legitur,</strong></span> <span class='ocrx_word' id='word_1_141' title='bbox 372 1966 434 2004; x_wconf 92' lang='lat' dir='ltr'><strong>non</strong></span> <span class='ocrx_word' id='word_1_142' title='bbox 454 1954 550 2019; x_wconf 88' lang='lat' dir='ltr'><strong>potest</strong></span> <span class='ocrx_word' id='word_1_143' title='bbox 570 1946 691 2005; x_wconf 83' lang='lat' dir='ltr'><strong>(labium</strong></span> <span class='ocrx_word' id='word_1_144' title='bbox 711 1966 775 2006; x_wconf 86' lang='lat' dir='ltr'><strong>esse</strong></span> <span class='ocrx_word' id='word_1_145' title='bbox 799 1950 870 2021; x_wconf 85' lang='lat' dir='ltr'><strong>quin</strong></span> <span class='ocrx_word' id='word_1_146' title='bbox 891 1948 1071 2007; x_wconf 85' lang='lat' dir='ltr'><strong>scribendum</strong></span> <span class='ocrx_word' id='word_1_147' title='bbox 1091 1950 1144 2009; x_wconf 80' lang='lat' dir='ltr'><strong>ait:</strong></span> <span class='ocrx_word' id='word_1_148' title='bbox 1208 2012 1212 2021; x_wconf 30' lang='lat'><strong>¹</strong></span> <span class='ocrx_word' id='word_1_149' title='bbox 1234 1966 1239 1983; x_wconf 91' lang='grc'><em>·</em></span> 
     </span>
    </p>
   </div>
   <div class='ocr_carea' id='block_1_6' title="bbox 97 2021 1260 3281">
    <p class='ocr_par' dir='ltr' id='par_1_7' title="bbox 97 2021 1146 2260">
     <span class='ocr_line' id='line_1_18' title="bbox 100 2021 1146 2116; baseline -0.003 -22"><span class='ocrx_word' id='word_1_150' title='bbox 100 2024 178 2095; x_wconf 76' lang='grc' dir='ltr'><em>ὥστ’</em></span> <span class='ocrx_word' id='word_1_151' title='bbox 204 2021 314 2116; x_wconf 64' lang='grc' dir='ltr'><em>ἔρωτ’</em></span> <span class='ocrx_word' id='word_1_152' title='bbox 337 2022 377 2091; x_wconf 76' lang='lat' dir='ltr'><strong>iia</strong></span> <span class='ocrx_word' id='word_1_153' title='bbox 407 2021 577 2093; x_wconf 75' lang='grc' dir='ltr'><em>διδάξαιτε</em></span> <span class='ocrx_word' id='word_1_154' title='bbox 606 2025 687 2113; x_wconf 82' lang='grc' dir='ltr'><em>περὶ</em></span> <span class='ocrx_word' id='word_1_155' title='bbox 716 2022 831 2105; x_wconf 66' lang='lat' dir='ltr'><strong>uincia-</strong></span> <span class='ocrx_word' id='word_1_156' title='bbox 875 2028 953 2091; x_wconf 88' lang='lat' dir='ltr'><strong>Nam</strong></span> <span class='ocrx_word' id='word_1_157' title='bbox 980 2031 1057 2107; x_wconf 83' lang='lat' dir='ltr'><strong>quod</strong></span> <span class='ocrx_word' id='word_1_158' title='bbox 1077 2043 1146 2108; x_wconf 83' lang='lat' dir='ltr'><strong>pro·</strong></span> 
     </span>
     <span class='ocr_line' id='line_1_19' title="bbox 98 2094 1145 2195; baseline -0.001 -20"><span class='ocrx_word' id='word_1_159' title='bbox 98 2118 196 2191; x_wconf 82' lang='lat' dir='ltr'><strong>posuit</strong></span> <span class='ocrx_word' id='word_1_160' title='bbox 218 2117 283 2190; x_wconf 85' lang='lat' dir='ltr'><strong>ipse</strong></span> <span class='ocrx_word' id='word_1_161' title='bbox 295 2094 596 2195; x_wconf 61' lang='lat' dir='ltr'><strong>Devarinsriipcuu&#39;</strong></span> <span class='ocrx_word' id='word_1_162' title='bbox 615 2104 654 2174; x_wconf 75' lang='lat' dir='ltr'><strong>iio</strong></span> <span class='ocrx_word' id='word_1_163' title='bbox 675 2106 851 2187; x_wconf 77' lang='grc' dir='ltr'><em>ὅτδάξοιτε,</em></span> <span class='ocrx_word' id='word_1_164' title='bbox 871 2113 902 2173; x_wconf 84' lang='lat' dir='ltr'><strong>icl</strong></span> <span class='ocrx_word' id='word_1_165' title='bbox 924 2115 1013 2173; x_wconf 87' lang='lat' dir='ltr'><strong>aliam</strong></span> <span class='ocrx_word' id='word_1_166' title='bbox 1027 2136 1145 2191; x_wconf 84' lang='lat' dir='ltr'><strong>quoque</strong></span> 
     </span>
     <span class='ocr_line' id='line_1_20' title="bbox 97 2198 417 2260; baseline -0.009 -1"><span class='ocrx_word' id='word_1_167' title='bbox 97 2200 187 2260; x_wconf 79' lang='lat' dir='ltr'><strong>habet</strong></span> <span class='ocrx_word' id='word_1_168' title='bbox 209 2198 417 2257; x_wconf 83' lang='lat' dir='ltr'><strong>difficultatem.</strong></span> 
     </span>
    </p>

    <p class='ocr_par' dir='ltr' id='par_1_8' title="bbox 97 2276 1260 3281">
     <span class='ocr_line' id='line_1_21' title="bbox 184 2276 1146 2354; baseline -0.002 -13"><span class='ocrx_word' id='word_1_169' title='bbox 184 2282 233 2341; x_wconf 79' lang='lat' dir='ltr'><strong>lle</strong></span> <span class='ocrx_word' id='word_1_170' title='bbox 258 2280 312 2341; x_wconf 81' lang='lat' dir='ltr'><strong>lsac</strong></span> <span class='ocrx_word' id='word_1_171' title='bbox 336 2280 477 2339; x_wconf 88' lang='lat' dir='ltr'><strong>orationis</strong></span> <span class='ocrx_word' id='word_1_172' title='bbox 500 2281 614 2353; x_wconf 84' lang='lat' dir='ltr'><strong>iorura,</strong></span> <span class='ocrx_word' id='word_1_173' title='bbox 640 2299 730 2351; x_wconf 84' lang='lat' dir='ltr'><strong>quom</strong></span> <span class='ocrx_word' id='word_1_174' title='bbox 753 2278 855 2354; x_wconf 81' lang='lat' dir='ltr'><strong>adtigit</strong></span> <span class='ocrx_word' id='word_1_175' title='bbox 874 2276 1022 2339; x_wconf 80' lang='lat' dir='ltr'><strong>Devarius</strong></span> <span class='ocrx_word' id='word_1_176' title='bbox 1043 2279 1146 2341; x_wconf 83' lang='lat' dir='ltr'><strong>eadem</strong></span> 
     </span>
     <span class='ocr_line' id='line_1_22' title="bbox 99 2356 1145 2441; baseline 0.001 -18"><span class='ocrx_word' id='word_1_177' title='bbox 99 2368 226 2441; x_wconf 71' lang='lat' dir='ltr'><strong>pagina,</strong></span> <span class='ocrx_word' id='word_1_178' title='bbox 253 2386 312 2441; x_wconf 86' lang='lat' dir='ltr'><strong>qua</strong></span> <span class='ocrx_word' id='word_1_179' title='bbox 338 2366 485 2424; x_wconf 86' lang='lat' dir='ltr'><strong>interdum</strong></span> <span class='ocrx_word' id='word_1_180' title='bbox 509 2362 683 2421; x_wconf 82' lang='lat' dir='ltr'><strong>indicativus</strong></span> <span class='ocrx_word' id='word_1_181' title='bbox 711 2369 761 2423; x_wconf 79' lang='lat' dir='ltr'><strong>aut</strong></span> <span class='ocrx_word' id='word_1_182' title='bbox 786 2363 951 2437; x_wconf 79' lang='lat' dir='ltr'><strong>imperfecti</strong></span> <span class='ocrx_word' id='word_1_183' title='bbox 974 2372 1023 2423; x_wconf 90' lang='lat' dir='ltr'><strong>aut</strong></span> <span class='ocrx_word' id='word_1_184' title='bbox 1043 2356 1145 2424; x_wconf 71' lang='lat' dir='ltr'><strong>adiisti</strong></span> 
     </span>
     <span class='ocr_line' id='line_1_23' title="bbox 101 2442 1145 2527; baseline -0.001 -19"><span class='ocrx_word' id='word_1_185' title='bbox 101 2451 283 2527; x_wconf 81' lang='lat' dir='ltr'><strong>coniungitur</strong></span> <span class='ocrx_word' id='word_1_186' title='bbox 304 2470 368 2508; x_wconf 84' lang='lat' dir='ltr'><strong>eum</strong></span> <span class='ocrx_word' id='word_1_187' title='bbox 389 2442 429 2510; x_wconf 74' lang='lat' dir='ltr'><strong>ito</strong></span> <span class='ocrx_word' id='word_1_188' title='bbox 449 2447 588 2523; x_wconf 90' lang='lat' dir='ltr'><strong>particula</strong></span> <span class='ocrx_word' id='word_1_189' title='bbox 609 2449 642 2505; x_wconf 91' lang='lat' dir='ltr'><strong>in</strong></span> <span class='ocrx_word' id='word_1_190' title='bbox 662 2448 884 2521; x_wconf 88' lang='lat' dir='ltr'><strong>pronominibus</strong></span> <span class='ocrx_word' id='word_1_191' title='bbox 905 2449 1046 2524; x_wconf 81' lang='lat' dir='ltr'><strong>relativis,</strong></span> <span class='ocrx_word' id='word_1_192' title='bbox 1067 2448 1145 2507; x_wconf 82' lang='lat' dir='ltr'><strong>dixit</strong></span> 
     </span>
     <span class='ocr_line' id='line_1_24' title="bbox 99 2524 1144 2607; baseline 0 -16"><span class='ocrx_word' id='word_1_193' title='bbox 99 2543 229 2593; x_wconf 77' lang='lat' dir='ltr'><strong>accurate</strong></span> <span class='ocrx_word' id='word_1_194' title='bbox 252 2532 482 2593; x_wconf 83' lang='lat' dir='ltr'><strong>Hermouuusl.</strong></span> <span class='ocrx_word' id='word_1_195' title='bbox 505 2532 526 2594; x_wconf 91' lang='lat' dir='ltr'><strong>l.</strong></span> <span class='ocrx_word' id='word_1_196' title='bbox 552 2533 604 2589; x_wconf 85' lang='lat' dir='ltr'><strong>lib.</strong></span> <span class='ocrx_word' id='word_1_197' title='bbox 626 2529 651 2589; x_wconf 95' lang='lat' dir='ltr'><strong>l.</strong></span> <span class='ocrx_word' id='word_1_198' title='bbox 673 2524 736 2605; x_wconf 79' lang='lat' dir='ltr'><strong>cap.</strong></span> <span class='ocrx_word' id='word_1_199' title='bbox 757 2536 788 2593; x_wconf 77' lang='lat'><strong>7.</strong></span> <span class='ocrx_word' id='word_1_200' title='bbox 813 2554 842 2607; x_wconf 88' lang='lat' dir='ltr'><strong>p.</strong></span> <span class='ocrx_word' id='word_1_201' title='bbox 866 2537 907 2591; x_wconf 83' lang='lat'><strong>26</strong></span> <span class='ocrx_word' id='word_1_202' title='bbox 932 2553 997 2607; x_wconf 80' lang='lat' dir='ltr'><strong>sqq.</strong></span> <span class='ocrx_word' id='word_1_203' title='bbox 1040 2530 1077 2591; x_wconf 93' lang='lat' dir='ltr'><strong>ln</strong></span> <span class='ocrx_word' id='word_1_204' title='bbox 1098 2530 1144 2591; x_wconf 83' lang='lat' dir='ltr'><strong>lris</strong></span> 
     </span>
     <span class='ocr_line' id='line_1_25' title="bbox 100 2614 1145 2693; baseline 0 -19"><span class='ocrx_word' id='word_1_205' title='bbox 100 2619 172 2677; x_wconf 82' lang='lat' dir='ltr'><strong>loeis</strong></span> <span class='ocrx_word' id='word_1_206' title='bbox 195 2639 285 2693; x_wconf 87' lang='lat' dir='ltr'><strong>quom</strong></span> <span class='ocrx_word' id='word_1_207' title='bbox 304 2638 354 2677; x_wconf 90' lang='lat' dir='ltr'><strong>res</strong></span> <span class='ocrx_word' id='word_1_208' title='bbox 376 2620 457 2693; x_wconf 86' lang='lat' dir='ltr'><strong>ipsa,</strong></span> <span class='ocrx_word' id='word_1_209' title='bbox 480 2636 556 2689; x_wconf 88' lang='lat' dir='ltr'><strong>quac</strong></span> <span class='ocrx_word' id='word_1_210' title='bbox 577 2614 651 2673; x_wconf 81' lang='lat' dir='ltr'><strong>lacta</strong></span> <span class='ocrx_word' id='word_1_211' title='bbox 671 2634 738 2674; x_wconf 86' lang='lat' dir='ltr'><strong>esse</strong></span> <span class='ocrx_word' id='word_1_212' title='bbox 761 2615 887 2691; x_wconf 78' lang='lat' dir='ltr'><strong>dicatur,</strong></span> <span class='ocrx_word' id='word_1_213' title='bbox 910 2625 986 2675; x_wconf 86' lang='lat' dir='ltr'><strong>certa</strong></span> <span class='ocrx_word' id='word_1_214' title='bbox 1007 2618 1055 2693; x_wconf 81' lang='lat' dir='ltr'><strong>sit,</strong></span> <span class='ocrx_word' id='word_1_215' title='bbox 1078 2636 1145 2691; x_wconf 89' lang='lat' dir='ltr'><strong>per-</strong></span> 
     </span>
     <span class='ocr_line' id='line_1_26' title="bbox 99 2690 1144 2777; baseline 0.001 -18"><span class='ocrx_word' id='word_1_216' title='bbox 99 2705 175 2761; x_wconf 87' lang='lat' dir='ltr'><strong>tinet</strong></span> <span class='ocrx_word' id='word_1_217' title='bbox 200 2702 275 2759; x_wconf 86' lang='lat' dir='ltr'><strong>illud</strong></span> <span class='ocrx_word' id='word_1_218' title='bbox 307 2701 384 2776; x_wconf 83' lang='lat' dir='ltr'><strong>quod</strong></span> <span class='ocrx_word' id='word_1_219' title='bbox 413 2700 501 2758; x_wconf 88' lang='lat' dir='ltr'><strong>habet</strong></span> <span class='ocrx_word' id='word_1_220' title='bbox 530 2702 562 2758; x_wconf 92' lang='lat' dir='ltr'><strong>in</strong></span> <span class='ocrx_word' id='word_1_221' title='bbox 589 2719 622 2758; x_wconf 89' lang='lat' dir='ltr'><strong>sc</strong></span> <span class='ocrx_word' id='word_1_222' title='bbox 651 2700 794 2773; x_wconf 89' lang='lat' dir='ltr'><strong>particula</strong></span> <span class='ocrx_word' id='word_1_223' title='bbox 824 2690 865 2761; x_wconf 66' lang='grc' dir='ltr'><strong>ἂν</strong></span> <span class='ocrx_word' id='word_1_224' title='bbox 896 2703 1014 2776; x_wconf 87' lang='lat' dir='ltr'><strong>incerti,</strong></span> <span class='ocrx_word' id='word_1_225' title='bbox 1051 2702 1144 2777; x_wconf 78' lang='lat' dir='ltr'><strong>magis</strong></span> 
     </span>
     <span class='ocr_line' id='line_1_27' title="bbox 97 2784 1143 2861; baseline -0.002 -18"><span class='ocrx_word' id='word_1_226' title='bbox 97 2786 138 2843; x_wconf 79' lang='lat' dir='ltr'><strong>sd</strong></span> <span class='ocrx_word' id='word_1_227' title='bbox 172 2789 323 2843; x_wconf 86' lang='lat' dir='ltr'><strong>notionem</strong></span> <span class='ocrx_word' id='word_1_228' title='bbox 352 2785 519 2859; x_wconf 80' lang='lat' dir='ltr'><strong>relatiuam,</strong></span> <span class='ocrx_word' id='word_1_229' title='bbox 551 2784 613 2843; x_wconf 84' lang='lat' dir='ltr'><strong>sive</strong></span> <span class='ocrx_word' id='word_1_230' title='bbox 641 2805 804 2857; x_wconf 90' lang='lat' dir='ltr'><strong>pronomen</strong></span> <span class='ocrx_word' id='word_1_231' title='bbox 832 2785 894 2843; x_wconf 84' lang='lat' dir='ltr'><strong>sive</strong></span> <span class='ocrx_word' id='word_1_232' title='bbox 918 2785 1061 2859; x_wconf 86' lang='lat' dir='ltr'><strong>particula</strong></span> <span class='ocrx_word' id='word_1_233' title='bbox 1091 2792 1143 2861; x_wconf 81' lang='lat' dir='ltr'><strong>est.</strong></span> 
     </span>
     <span class='ocr_line' id='line_1_28' title="bbox 101 2864 1145 2943; baseline 0.004 -16"><span class='ocrx_word' id='word_1_234' title='bbox 101 2868 157 2927; x_wconf 89' lang='lat' dir='ltr'><strong>Sio</strong></span> <span class='ocrx_word' id='word_1_235' title='bbox 176 2871 268 2943; x_wconf 80' lang='lat' dir='ltr'><strong>igitur</strong></span> <span class='ocrx_word' id='word_1_236' title='bbox 288 2868 362 2941; x_wconf 82' lang='lat' dir='ltr'><strong>apud</strong></span> <span class='ocrx_word' id='word_1_237' title='bbox 382 2867 547 2926; x_wconf 86' lang='lat' dir='ltr'><strong>Luciannm</strong></span> <span class='ocrx_word' id='word_1_238' title='bbox 569 2867 673 2925; x_wconf 86' lang='lat' dir='ltr'><strong>dicitur</strong></span> <span class='ocrx_word' id='word_1_239' title='bbox 696 2869 727 2925; x_wconf 92' lang='lat' dir='ltr'><strong>in</strong></span> <span class='ocrx_word' id='word_1_240' title='bbox 752 2864 866 2943; x_wconf 70' lang='lat' dir='ltr'><strong>dialupo&#39;</strong></span> <span class='ocrx_word' id='word_1_241' title='bbox 886 2878 1060 2928; x_wconf 79' lang='lat' dir='ltr'><strong>nturtaorom</strong></span> <span class='ocrx_word' id='word_1_242' title='bbox 1083 2866 1145 2931; x_wconf 90' lang='lat' dir='ltr'><strong>IX.</strong></span> 
     </span>
     <span class='ocr_line' id='line_1_29' title="bbox 98 2940 1260 3036; baseline 0.004 -28"><span class='ocrx_word' id='word_1_243' title='bbox 98 2957 130 3025; x_wconf 87' lang='lat'><strong>§.</strong></span> <span class='ocrx_word' id='word_1_244' title='bbox 155 2947 188 3013; x_wconf 78' lang='lat'><strong>2.</strong></span> <span class='ocrx_word' id='word_1_245' title='bbox 220 2944 278 3013; x_wconf 84' lang='grc' dir='ltr'><strong>κατ’</strong></span> <span class='ocrx_word' id='word_1_246' title='bbox 303 2972 344 3027; x_wconf 85' lang='grc' dir='ltr'><strong>με</strong></span> <span class='ocrx_word' id='word_1_247' title='bbox 370 2949 507 3036; x_wconf 79' lang='grc' dir='ltr'><em>γέροντα</em></span> <span class='ocrx_word' id='word_1_248' title='bbox 536 2946 592 3012; x_wconf 79' lang='grc' dir='ltr'><strong>καὶ</strong></span> <span class='ocrx_word' id='word_1_249' title='bbox 619 2946 794 3033; x_wconf 75' lang='grc' dir='ltr'><em>φαλακρὸν</em></span> <span class='ocrx_word' id='word_1_250' title='bbox 816 2944 861 3023; x_wconf 85' lang='grc' dir='ltr'><strong>ὡς</strong></span> <span class='ocrx_word' id='word_1_251' title='bbox 882 2942 966 3035; x_wconf 69' lang='grc' dir='ltr'><em>ὁρᾷς</em></span> <span class='ocrx_word' id='word_1_252' title='bbox 985 2940 1065 3015; x_wconf 68' lang='lat' dir='ltr'><strong>iinon</strong></span> <span class='ocrx_word' id='word_1_253' title='bbox 1087 2946 1145 3013; x_wconf 79' lang='grc' dir='ltr'><strong>καὶ</strong></span> <span class='ocrx_word' id='word_1_254' title='bbox 1256 2956 1260 2963; x_wconf 85' lang='grc'><strong>’</strong></span> 
     </span>
     <span class='ocr_line' id='line_1_30' title="bbox 99 3025 1144 3137; baseline 0 -41"><span class='ocrx_word' id='word_1_255' title='bbox 99 3034 258 3117; x_wconf 82' lang='grc' dir='ltr'><em>λημῶντα</em></span> <span class='ocrx_word' id='word_1_256' title='bbox 282 3033 420 3119; x_wconf 77' lang='grc' dir='ltr'><em>προσέτι</em></span> <span class='ocrx_word' id='word_1_257' title='bbox 450 3028 505 3137; x_wconf 62' lang='grc' dir='ltr'><strong>καὶ</strong></span> <span class='ocrx_word' id='word_1_258' title='bbox 534 3025 1144 3133; x_wconf 26' lang='grc' dir='ltr'><em>κορυζῶνρα·ὑπερήδοντομθεραπεύ-</em></span> 
     </span>
     <span class='ocr_line' id='line_1_31' title="bbox 99 3110 1144 3202; baseline -0.002 -22"><span class='ocrx_word' id='word_1_259' title='bbox 99 3138 193 3192; x_wconf 85' lang='grc' dir='ltr'><em>οντες</em></span> <span class='ocrx_word' id='word_1_260' title='bbox 214 3113 271 3180; x_wconf 79' lang='grc' dir='ltr'><strong>καὶ</strong></span> <span class='ocrx_word' id='word_1_261' title='bbox 289 3112 455 3202; x_wconf 83' lang='grc' dir='ltr'><em>μακάριος</em></span> <span class='ocrx_word' id='word_1_262' title='bbox 474 3116 646 3201; x_wconf 75' lang='grc' dir='ltr'><em>ηνοοίιῦν</em></span> <span class='ocrx_word' id='word_1_263' title='bbox 660 3136 780 3176; x_wconf 87' lang='grc' dir='ltr'><em>οντινα</em></span> <span class='ocrx_word' id='word_1_264' title='bbox 797 3136 838 3174; x_wconf 87' lang='grc' dir='ltr'><strong>αν</strong></span> <span class='ocrx_word' id='word_1_265' title='bbox 854 3110 909 3176; x_wconf 80' lang='grc' dir='ltr'><strong>καὶ</strong></span> <span class='ocrx_word' id='word_1_266' title='bbox 921 3137 1022 3193; x_wconf 80' lang='grc' dir='ltr'><em>μονον</em></span> <span class='ocrx_word' id='word_1_267' title='bbox 1036 3134 1144 3199; x_wconf 85' lang='grc' dir='ltr'><em>προσ·</em></span> 
     </span>
     <span class='ocr_line' id='line_1_32' title="bbox 99 3193 1144 3281; baseline -0.005 -17"><span class='ocrx_word' id='word_1_268' title='bbox 99 3197 255 3281; x_wconf 75' lang='grc' dir='ltr'><em>ἔβλεψα,</em></span> <span class='ocrx_word' id='word_1_269' title='bbox 290 3224 349 3276; x_wconf 85' lang='lat' dir='ltr'><strong>quo</strong></span> <span class='ocrx_word' id='word_1_270' title='bbox 373 3203 436 3261; x_wconf 91' lang='lat' dir='ltr'><strong>loco</strong></span> <span class='ocrx_word' id='word_1_271' title='bbox 464 3221 523 3259; x_wconf 92' lang='lat' dir='ltr'><strong>non</strong></span> <span class='ocrx_word' id='word_1_272' title='bbox 551 3206 609 3256; x_wconf 92' lang='lat' dir='ltr'><strong>tam</strong></span> <span class='ocrx_word' id='word_1_273' title='bbox 639 3200 737 3271; x_wconf 90' lang='lat' dir='ltr'><strong>ipsum</strong></span> <span class='ocrx_word' id='word_1_274' title='bbox 764 3198 884 3257; x_wconf 77' lang='lat' dir='ltr'><strong>verbum</strong></span> <span class='ocrx_word' id='word_1_275' title='bbox 913 3193 1144 3279; x_wconf 76' lang='grc' dir='ltr'><em>προσέβλεψα,</em></span> 
     </span>
    </p>
   </div>
   <div class='ocr_carea' id='block_1_7' title="bbox 1 3280 1249 3443">
    <p class='ocr_par' dir='ltr' id='par_1_9' title="bbox 1 3280 1249 3443">
     <span class='ocr_line' id='line_1_33' title="bbox 1 3280 1145 3375; baseline -0.003 -33"><span class='ocrx_word' id='word_1_276' title='bbox 1 3337 3 3375; x_wconf 33' lang='grc' dir='ltr'><em>ρ</em></span> <span class='ocrx_word' id='word_1_277' title='bbox 99 3304 176 3358; x_wconf 84' lang='lat' dir='ltr'><strong>qnae</strong></span> <span class='ocrx_word' id='word_1_278' title='bbox 197 3293 341 3345; x_wconf 72' lang='lat' dir='ltr'><strong>certares</strong></span> <span class='ocrx_word' id='word_1_279' title='bbox 363 3294 423 3360; x_wconf 86' lang='lat' dir='ltr'><strong>est,</strong></span> <span class='ocrx_word' id='word_1_280' title='bbox 448 3286 507 3366; x_wconf 22' lang='lat' dir='ltr'><strong>sub·</strong></span> <span class='ocrx_word' id='word_1_281' title='bbox 525 3282 725 3341; x_wconf 88' lang='lat' dir='ltr'><strong>condicionem</strong></span> <span class='ocrx_word' id='word_1_282' title='bbox 749 3289 883 3357; x_wconf 80' lang='lat' dir='ltr'><strong>vocatur,</strong></span> <span class='ocrx_word' id='word_1_283' title='bbox 900 3280 951 3340; x_wconf 88' lang='lat' dir='ltr'><strong>sed</strong></span> <span class='ocrx_word' id='word_1_284' title='bbox 973 3280 1035 3355; x_wconf 89' lang='lat' dir='ltr'><strong>ille,</strong></span> <span class='ocrx_word' id='word_1_285' title='bbox 1057 3300 1145 3355; x_wconf 85' lang='lat' dir='ltr'><strong>quem</strong></span> 
     </span>
     <span class='ocr_line' id='line_1_34' title="bbox 2 3364 1249 3443; baseline -0.002 -17"><span class='ocrx_word' id='word_1_286' title='bbox 2 3376 3 3380; x_wconf 77' lang='grc'>’</span> <span class='ocrx_word' id='word_1_287' title='bbox 99 3371 233 3443; x_wconf 79' lang='lat' dir='ltr'><strong>aspexit,</strong></span> <span class='ocrx_word' id='word_1_288' title='bbox 259 3372 356 3427; x_wconf 87' lang='lat' dir='ltr'><strong>miuus</strong></span> <span class='ocrx_word' id='word_1_289' title='bbox 385 3368 504 3427; x_wconf 86' lang='lat' dir='ltr'><strong>delinito</strong></span> <span class='ocrx_word' id='word_1_290' title='bbox 531 3366 739 3441; x_wconf 82' lang='lat' dir='ltr'><strong>significandus</strong></span> <span class='ocrx_word' id='word_1_291' title='bbox 762 3374 840 3440; x_wconf 83' lang='lat' dir='ltr'><strong>erat,</strong></span> <span class='ocrx_word' id='word_1_292' title='bbox 873 3384 961 3437; x_wconf 86' lang='lat' dir='ltr'><strong>quom</strong></span> <span class='ocrx_word' id='word_1_293' title='bbox 984 3385 1024 3422; x_wconf 83' lang='lat' dir='ltr'><strong>ex</strong></span> <span class='ocrx_word' id='word_1_294' title='bbox 1044 3364 1144 3424; x_wconf 89' lang='lat' dir='ltr'><strong>multis</strong></span> <span class='ocrx_word' id='word_1_295' title='bbox 1245 3384 1249 3393; x_wconf 92' lang='lat'><em>·</em></span> 
     </span>
    </p>
   </div>
   <div class='ocr_carea' id='block_1_8' title="bbox 90 3449 1189 4448">
    <p class='ocr_par' dir='ltr' id='par_1_10' title="bbox 90 3449 1189 4448">
     <span class='ocr_line' id='line_1_35' title="bbox 99 3449 1189 3527; baseline -0.003 -16"><span class='ocrx_word' id='word_1_296' title='bbox 99 3472 187 3525; x_wconf 78' lang='grc' dir='ltr'><em>φιτω</em></span> <span class='ocrx_word' id='word_1_297' title='bbox 209 3453 298 3512; x_wconf 80' lang='lat' dir='ltr'><strong>vellet</strong></span> <span class='ocrx_word' id='word_1_298' title='bbox 317 3454 443 3527; x_wconf 81' lang='lat' dir='ltr'><strong>seligere</strong></span> <span class='ocrx_word' id='word_1_299' title='bbox 464 3461 575 3527; x_wconf 85' lang='lat' dir='ltr'><strong>posset,</strong></span> <span class='ocrx_word' id='word_1_300' title='bbox 599 3459 628 3509; x_wconf 89' lang='lat' dir='ltr'><strong>et</strong></span> <span class='ocrx_word' id='word_1_301' title='bbox 648 3453 681 3507; x_wconf 91' lang='lat' dir='ltr'><strong>in</strong></span> <span class='ocrx_word' id='word_1_302' title='bbox 701 3449 831 3509; x_wconf 85' lang='lat' dir='ltr'><strong>eiusdem</strong></span> <span class='ocrx_word' id='word_1_303' title='bbox 851 3454 1021 3507; x_wconf 77' lang='lat' dir='ltr'><strong>Dcntouoctc</strong></span> <span class='ocrx_word' id='word_1_304' title='bbox 1041 3452 1069 3520; x_wconf 89' lang='lat'><strong>§.</strong></span> <span class='ocrx_word' id='word_1_305' title='bbox 1093 3456 1143 3509; x_wconf 89' lang='grc'><strong>10.</strong></span> <span class='ocrx_word' id='word_1_306' title='bbox 1183 3488 1189 3499; x_wconf 83' lang='lat'><strong>·</strong></span> 
     </span>
     <span class='ocr_line' id='line_1_36' title="bbox 97 3522 1145 3637; baseline 0.002 -44"><span class='ocrx_word' id='word_1_307' title='bbox 97 3531 209 3599; x_wconf 73' lang='lat' dir='ltr'><strong>iiiior</strong></span> <span class='ocrx_word' id='word_1_308' title='bbox 222 3528 293 3617; x_wconf 74' lang='grc' dir='ltr'><strong>6ὲῆ</strong></span> <span class='ocrx_word' id='word_1_309' title='bbox 309 3528 445 3599; x_wconf 68' lang='grc' dir='ltr'><em>ἐῖαττον</em></span> <span class='ocrx_word' id='word_1_310' title='bbox 458 3527 568 3637; x_wconf 56' lang='lat' dir='ltr'><strong>iigmor</strong></span> <span class='ocrx_word' id='word_1_311' title='bbox 583 3530 688 3596; x_wconf 82' lang='grc' dir='ltr'><em>συνών</em></span> <span class='ocrx_word' id='word_1_312' title='bbox 702 3529 803 3607; x_wconf 78' lang='grc' dir='ltr'><strong><em>ἐνίοις</em></strong></span> <span class='ocrx_word' id='word_1_313' title='bbox 818 3522 933 3601; x_wconf 79' lang='grc' dir='ltr'><em>αὐτῶν,</em></span> <span class='ocrx_word' id='word_1_314' title='bbox 948 3526 1063 3610; x_wconf 83' lang='grc' dir='ltr'><em>μόνοις</em></span> <span class='ocrx_word' id='word_1_315' title='bbox 1078 3526 1145 3608; x_wconf 79' lang='grc' dir='ltr'><em>ἕξι-</em></span> 
     </span>
     <span class='ocr_line' id='line_1_37' title="bbox 101 3606 1145 3698; baseline -0.001 -20"><span class='ocrx_word' id='word_1_316' title='bbox 101 3610 263 3697; x_wconf 82' lang='grc' dir='ltr'><em>στάμενος</em></span> <span class='ocrx_word' id='word_1_317' title='bbox 276 3613 401 3683; x_wconf 84' lang='grc' dir='ltr'><em>ὀπόσοι</em></span> <span class='ocrx_word' id='word_1_318' title='bbox 413 3611 453 3680; x_wconf 76' lang='lat' dir='ltr'><strong>iia</strong></span> <span class='ocrx_word' id='word_1_319' title='bbox 466 3611 603 3682; x_wconf 78' lang='grc' dir='ltr'><em>εόόκονν</em></span> <span class='ocrx_word' id='word_1_320' title='bbox 615 3607 706 3698; x_wconf 76' lang='grc' dir='ltr'><em>αὐτῷ</em></span> <span class='ocrx_word' id='word_1_321' title='bbox 718 3606 804 3697; x_wconf 77' lang='grc' dir='ltr'><em>ὑπὲρ</em></span> <span class='ocrx_word' id='word_1_322' title='bbox 816 3609 874 3697; x_wconf 79' lang='grc' dir='ltr'><strong>τὴν</strong></span> <span class='ocrx_word' id='word_1_323' title='bbox 885 3614 944 3695; x_wconf 79' lang='grc' dir='ltr'><strong>τῆς</strong></span> <span class='ocrx_word' id='word_1_324' title='bbox 955 3612 1145 3697; x_wconf 67' lang='grc' dir='ltr'><em>θεραπείας</em></span> 
     </span>
     <span class='ocr_line' id='line_1_38' title="bbox 98 3695 1144 3783; baseline -0.005 -20"><span class='ocrx_word' id='word_1_325' title='bbox 98 3695 223 3763; x_wconf 66' lang='grc' dir='ltr'><em>ἐλπίδα</em></span> <span class='ocrx_word' id='word_1_326' title='bbox 253 3696 498 3783; x_wconf 79' lang='grc' dir='ltr'><strong><em>διαμαρτάνειν.</em></strong></span> <span class='ocrx_word' id='word_1_327' title='bbox 538 3699 584 3758; x_wconf 91' lang='lat' dir='ltr'><strong>lta</strong></span> <span class='ocrx_word' id='word_1_328' title='bbox 608 3701 695 3757; x_wconf 87' lang='lat' dir='ltr'><strong>etiam</strong></span> <span class='ocrx_word' id='word_1_329' title='bbox 708 3701 742 3756; x_wconf 95' lang='lat' dir='ltr'><strong>in</strong></span> <span class='ocrx_word' id='word_1_330' title='bbox 761 3700 827 3758; x_wconf 84' lang='lat' dir='ltr'><strong>aliis</strong></span> <span class='ocrx_word' id='word_1_331' title='bbox 846 3698 996 3773; x_wconf 79' lang='lat' dir='ltr'><strong>particulis</strong></span> <span class='ocrx_word' id='word_1_332' title='bbox 1014 3697 1144 3758; x_wconf 82' lang='lat' dir='ltr'><strong>relativis</strong></span> 
     </span>
     <span class='ocr_line' id='line_1_39' title="bbox 98 3779 1146 3861; baseline -0.002 -18"><span class='ocrx_word' id='word_1_333' title='bbox 98 3783 215 3859; x_wconf 81' lang='lat' dir='ltr'><strong>(licitur,</strong></span> <span class='ocrx_word' id='word_1_334' title='bbox 237 3794 269 3843; x_wconf 88' lang='lat' dir='ltr'><strong>at</strong></span> <span class='ocrx_word' id='word_1_335' title='bbox 290 3788 324 3843; x_wconf 87' lang='lat' dir='ltr'><strong>iu</strong></span> <span class='ocrx_word' id='word_1_336' title='bbox 344 3784 537 3861; x_wconf 88' lang='lat' dir='ltr'><strong>Antiphontis</strong></span> <span class='ocrx_word' id='word_1_337' title='bbox 562 3789 636 3841; x_wconf 86' lang='lat' dir='ltr'><strong>orat.</strong></span> <span class='ocrx_word' id='word_1_338' title='bbox 659 3787 688 3841; x_wconf 88' lang='grc'><strong>6.</strong></span> <span class='ocrx_word' id='word_1_339' title='bbox 710 3787 738 3855; x_wconf 89' lang='lat'><strong>§.</strong></span> <span class='ocrx_word' id='word_1_340' title='bbox 762 3790 810 3841; x_wconf 92' lang='lat' dir='ltr'><strong>ll.</strong></span> <span class='ocrx_word' id='word_1_341' title='bbox 835 3782 881 3842; x_wconf 79' lang='lat' dir='ltr'><strong>ecl.</strong></span> <span class='ocrx_word' id='word_1_342' title='bbox 901 3779 1000 3840; x_wconf 74' lang='lat' dir='ltr'><strong>Beki.</strong></span> <span class='ocrx_word' id='word_1_343' title='bbox 1022 3802 1053 3855; x_wconf 89' lang='lat' dir='ltr'><strong>p.</strong></span> <span class='ocrx_word' id='word_1_344' title='bbox 1075 3784 1146 3841; x_wconf 81' lang='lat'><strong>142.</strong></span> 
     </span>
     <span class='ocr_line' id='line_1_40' title="bbox 96 3855 1146 3967; baseline 0.001 -43"><span class='ocrx_word' id='word_1_345' title='bbox 96 3866 145 3925; x_wconf 84' lang='lat' dir='ltr'><strong>ed.</strong></span> <span class='ocrx_word' id='word_1_346' title='bbox 167 3865 210 3927; x_wconf 86' lang='lat' dir='ltr'><strong>ll.</strong></span> <span class='ocrx_word' id='word_1_347' title='bbox 232 3867 337 3941; x_wconf 76' lang='lat' dir='ltr'><strong>steph.</strong></span> <span class='ocrx_word' id='word_1_348' title='bbox 371 3862 488 3931; x_wconf 75' lang='grc' dir='ltr'><em>ἔπειτα</em></span> <span class='ocrx_word' id='word_1_349' title='bbox 514 3864 572 3929; x_wconf 84' lang='grc' dir='ltr'><strong>τὸν</strong></span> <span class='ocrx_word' id='word_1_350' title='bbox 596 3859 713 3947; x_wconf 79' lang='grc' dir='ltr'><em>χρόνον</em></span> <span class='ocrx_word' id='word_1_351' title='bbox 735 3862 890 3942; x_wconf 79' lang='grc' dir='ltr'><em>συνέλεξα</em></span> <span class='ocrx_word' id='word_1_352' title='bbox 913 3856 957 3939; x_wconf 84' lang='grc' dir='ltr'><strong>ὡς</strong></span> <span class='ocrx_word' id='word_1_353' title='bbox 978 3855 1146 3967; x_wconf 67' lang='grc' dir='ltr'><em>ᾗδυνάμην</em></span> 
     </span>
     <span class='ocr_line' id='line_1_41' title="bbox 96 3938 1146 4053; baseline 0 -44"><span class='ocrx_word' id='word_1_354' title='bbox 96 3938 235 4027; x_wconf 71' lang='grc' dir='ltr'><em>ι’ίριστα,</em></span> <span class='ocrx_word' id='word_1_355' title='bbox 267 3944 344 4014; x_wconf 76' lang='lat' dir='ltr'><strong>oiira</strong></span> <span class='ocrx_word' id='word_1_356' title='bbox 372 3944 538 4032; x_wconf 79' lang='grc' dir='ltr'><strong>ζημιώσας</strong></span> <span class='ocrx_word' id='word_1_357' title='bbox 560 3943 678 4013; x_wconf 73' lang='grc' dir='ltr'><em>οὐδένα</em></span> <span class='ocrx_word' id='word_1_358' title='bbox 699 3938 776 4013; x_wconf 77' lang='lat' dir='ltr'><strong>oiira</strong></span> <span class='ocrx_word' id='word_1_359' title='bbox 799 3947 933 4053; x_wconf 76' lang='grc' dir='ltr'><em>ἐνέχυρα</em></span> <span class='ocrx_word' id='word_1_360' title='bbox 953 3950 1012 4033; x_wconf 62' lang='lat' dir='ltr'><strong>,ito</strong></span> <span class='ocrx_word' id='word_1_361' title='bbox 1033 3943 1146 4029; x_wconf 80' lang='grc' dir='ltr'><em>φέρων</em></span> 
     </span>
     <span class='ocr_line' id='line_1_42' title="bbox 94 4024 1147 4115; baseline -0.002 -22"><span class='ocrx_word' id='word_1_362' title='bbox 94 4025 168 4093; x_wconf 74' lang='grc' dir='ltr'><em>οὔτ’</em></span> <span class='ocrx_word' id='word_1_363' title='bbox 192 4026 471 4113; x_wconf 70' lang='grc' dir='ltr'><em>ἀπεχθανόμενος</em></span> <span class='ocrx_word' id='word_1_364' title='bbox 492 4025 619 4107; x_wconf 71' lang='grc' dir='ltr'><em>οὐδενί,</em></span> <span class='ocrx_word' id='word_1_365' title='bbox 648 4024 718 4093; x_wconf 72' lang='grc' dir='ltr'><strong>ἀλλ’</strong></span> <span class='ocrx_word' id='word_1_366' title='bbox 745 4028 861 4115; x_wconf 80' lang='grc' dir='ltr'><em>ὥσπερ</em></span> <span class='ocrx_word' id='word_1_367' title='bbox 885 4030 925 4095; x_wconf 71' lang='grc' dir='ltr'><strong>ἂν</strong></span> <span class='ocrx_word' id='word_1_368' title='bbox 946 4028 1067 4115; x_wconf 73' lang='grc' dir='ltr'><em>ἥδιστα</em></span> <span class='ocrx_word' id='word_1_369' title='bbox 1090 4024 1147 4091; x_wconf 81' lang='grc' dir='ltr'><strong>καὶ</strong></span> 
     </span>
     <span class='ocr_line' id='line_1_43' title="bbox 95 4106 1146 4201; baseline -0.005 -23"><span class='ocrx_word' id='word_1_370' title='bbox 95 4106 357 4201; x_wconf 70' lang='grc' dir='ltr'><strong>ἐπιτηδειότατα</strong></span> <span class='ocrx_word' id='word_1_371' title='bbox 388 4108 592 4200; x_wconf 75' lang='grc' dir='ltr'><em>ιἰιιςοοτὲρσις</em></span> <span class='ocrx_word' id='word_1_372' title='bbox 622 4111 782 4196; x_wconf 76' lang='grc' dir='ltr'><em>ἐγίγνετο,</em></span> <span class='ocrx_word' id='word_1_373' title='bbox 812 4111 876 4195; x_wconf 70' lang='grc' dir='ltr'><strong>ἐγὼ</strong></span> <span class='ocrx_word' id='word_1_374' title='bbox 904 4110 964 4192; x_wconf 79' lang='grc' dir='ltr'><strong>μὲν</strong></span> <span class='ocrx_word' id='word_1_375' title='bbox 996 4109 1146 4175; x_wconf 78' lang='grc' dir='ltr'><em>ἐκέλευον</em></span> 
     </span>
     <span class='ocr_line' id='line_1_44' title="bbox 94 4175 1146 4284; baseline 0.001 -26"><span class='ocrx_word' id='word_1_376' title='bbox 94 4194 154 4261; x_wconf 79' lang='grc' dir='ltr'><strong>καὶ</strong></span> <span class='ocrx_word' id='word_1_377' title='bbox 186 4194 352 4284; x_wconf 71' lang='grc' dir='ltr'><em>ἡγούμην,</em></span> <span class='ocrx_word' id='word_1_378' title='bbox 386 4175 419 4262; x_wconf 87' lang='lat' dir='ltr'><strong>oi</strong></span> <span class='ocrx_word' id='word_1_379' title='bbox 448 4192 479 4261; x_wconf 61' lang='grc' dir='ltr'><strong>ὁ)</strong></span> <span class='ocrx_word' id='word_1_380' title='bbox 512 4192 640 4272; x_wconf 77' lang='grc' dir='ltr'><em>ἑκόντες</em></span> <span class='ocrx_word' id='word_1_381' title='bbox 669 4193 726 4259; x_wconf 82' lang='grc' dir='ltr'><strong>καὶ</strong></span> <span class='ocrx_word' id='word_1_382' title='bbox 752 4192 951 4277; x_wconf 79' lang='grc' dir='ltr'><em>βουλόμενοι</em></span> <span class='ocrx_word' id='word_1_383' title='bbox 980 4188 1146 4272; x_wconf 70' lang='grc' dir='ltr'><strong>ἔπεμπον.</strong></span> 
     </span>
     <span class='ocr_line' id='line_1_45' title="bbox 92 4275 1146 4360; baseline -0.002 -21"><span class='ocrx_word' id='word_1_384' title='bbox 92 4280 237 4360; x_wconf 81' lang='lat' dir='ltr'><strong>Denique</strong></span> <span class='ocrx_word' id='word_1_385' title='bbox 267 4281 340 4343; x_wconf 79' lang='lat' dir='ltr'><strong>iura</strong></span> <span class='ocrx_word' id='word_1_386' title='bbox 367 4279 424 4341; x_wconf 85' lang='lat' dir='ltr'><strong>lruc</strong></span> <span class='ocrx_word' id='word_1_387' title='bbox 455 4283 572 4340; x_wconf 76' lang='lat' dir='ltr'><strong>vocavit</strong></span> <span class='ocrx_word' id='word_1_388' title='bbox 599 4280 789 4340; x_wconf 85' lang='lat' dir='ltr'><strong>Hermannus</strong></span> <span class='ocrx_word' id='word_1_389' title='bbox 819 4284 908 4340; x_wconf 86' lang='lat' dir='ltr'><strong>etiam</strong></span> <span class='ocrx_word' id='word_1_390' title='bbox 938 4275 1146 4337; x_wconf 85' lang='lat' dir='ltr'><strong>Demosthenis</strong></span> 
     </span>
     <span class='ocr_line' id='line_1_46' title="bbox 90 4360 1145 4448; baseline 0 -26"><span class='ocrx_word' id='word_1_391' title='bbox 90 4366 188 4428; x_wconf 82' lang='lat' dir='ltr'><strong>locum</strong></span> <span class='ocrx_word' id='word_1_392' title='bbox 206 4391 239 4444; x_wconf 93' lang='lat' dir='ltr'><strong>p.</strong></span> <span class='ocrx_word' id='word_1_393' title='bbox 260 4372 354 4426; x_wconf 89' lang='grc'><strong>1106.</strong></span> <span class='ocrx_word' id='word_1_394' title='bbox 368 4373 503 4425; x_wconf 81' lang='lat' dir='ltr'><strong>extremo</strong></span> <span class='ocrx_word' id='word_1_395' title='bbox 521 4363 568 4421; x_wconf 77' lang='lat' dir='ltr'><strong>ecl.</strong></span> <span class='ocrx_word' id='word_1_396' title='bbox 582 4363 706 4448; x_wconf 58' lang='lat' dir='ltr'><strong>llam,</strong></span> <span class='ocrx_word' id='word_1_397' title='bbox 729 4366 778 4426; x_wconf 90' lang='lat' dir='ltr'><strong>ubi</strong></span> <span class='ocrx_word' id='word_1_398' title='bbox 797 4364 870 4427; x_wconf 86' lang='lat' dir='ltr'><strong>lraec</strong></span> <span class='ocrx_word' id='word_1_399' title='bbox 884 4364 973 4425; x_wconf 86' lang='lat' dir='ltr'><strong>verba</strong></span> <span class='ocrx_word' id='word_1_400' title='bbox 986 4360 1145 4423; x_wconf 83' lang='lat' dir='ltr'><strong>habentur:</strong></span> 
     </span>
    </p>
   </div>
   <div class='ocr_carea' id='block_1_9' title="bbox 134 4452 936 4515">
    <p class='ocr_par' dir='ltr' id='par_1_11' title="bbox 134 4452 936 4515">
     <span class='ocr_line' id='line_1_47' title="bbox 134 4452 936 4515; baseline -0.007 0"><span class='ocrx_word' id='word_1_401' title='bbox 134 4452 176 4515; x_wconf 87' lang='lat' dir='ltr'><strong>ll.</strong></span> <span class='ocrx_word' id='word_1_402' title='bbox 896 4456 936 4510; x_wconf 92' lang='lat'><strong>10</strong></span> 
     </span>
    </p>
   </div>
   <div class='ocr_carea' id='block_1_10' title="bbox 0 0 1430 4842">
    <p class='ocr_par' dir='ltr' id='par_1_12' title="bbox 0 0 1430 4842">
     <span class='ocr_line' id='line_1_48' title="bbox 0 0 1430 4842; baseline 0 0"><span class='ocrx_word' id='word_1_403' title='bbox 0 0 1430 4842; x_wconf 95' lang='lat' dir='ltr'><strong> </strong></span> 
     </span>
    </p>
   </div>
  </div>
 </body>
</html>
