2850 4842
558 430 650 523 γάρ·
1003 389 1008 395 ·
1061 396 1127 509 tou

73 609 146 671 laec
177 589 254 683 quae
282 604 402 680 ponitur
432 604 592 663 enuntiatio
620 603 687 663 ideo
716 603 904 685 ediirmetur,
931 616 963 667 ut
987 620 1125 687 appareat

74 716 123 753 cur
149 691 258 752 Oeace
279 690 391 749 venerit
414 686 627 763 Hippocrates,
655 690 797 763 particula
817 686 870 754 cot
893 702 989 753 autem
1010 697 1053 754 ita
1073 696 1125 754 ad.

5 806 7 813 „
73 780 172 853 posita
203 785 266 848 est,
297 776 341 830 uti
367 792 422 846 per
449 792 513 830 eam
535 771 705 846 particulam
731 774 833 832 eadem
854 780 1013 836 enuntiatio
1035 781 1125 838 etiam

74 864 215 921 universa
236 857 439 929 adseveretur,
462 876 523 914 non
543 852 642 913 habita
663 858 726 925 eius
746 860 805 933 rei,
827 880 902 932 quae
923 860 1008 919 modo
1030 860 1124 921 decla·

4 932 6 997 t
73 955 137 1003 rota
168 949 232 1017 est,
263 943 384 999 ratione.
426 936 531 1013 Itaque
558 940 678 1013 proprie
706 942 770 998 istis
795 943 892 1000 serbis
918 941 975 1001 lroc
1001 943 1124 1005 diciturc

75 1034 157 1087 Deus
185 1046 216 1084 es
244 1044 308 1082 cour
334 1027 389 1081 mir
415 1023 568 1097 ultcrdtupu
595 1022 747 1098 (betldcpip
772 1028 893 1099 peeupt)
919 1031 994 1085 οιοὶο
1019 1032 1124 1087 Dicaea·

74 1114 197 1183 Sutpros
224 1106 383 1179 cntloufeu,
410 1113 477 1191 aute
507 1109 588 1162 Deus
615 1125 644 1163 es
670 1125 734 1165 cour
753 1112 809 1165 noir
836 1108 987 1184 (dcildufip
1007 1116 1123 1187 pesupt)

74 1201 104 1253 iu
134 1194 186 1251 der
215 1192 291 1249 l'lsut
316 1193 391 1246 metu
415 1193 519 1248 Diome
540 1190 659 1261 Satyros
686 1197 881 1265 cutepruupcu.
923 1190 983 1249 His
1010 1213 1065 1267 ego
1091 1196 1124 1256 in

74 1278 173 1337 verbis
197 1273 380 1333 Germanicis
403 1274 430 1331 si
454 1273 616 1345 interposui
637 1291 755 1331 rocem:
786 1272 918 1349 octucpp
944 1285 1055 1351 peropt,
1088 1297 1124 1337 ea
1240 1326 1249 1340 ,

76 1360 194 1436 quidem
223 1359 289 1431 ipsa
317 1376 377 1413 nou
401 1356 582 1429 continetur,
612 1364 644 1414 ut
667 1357 763 1428 quiris
785 1356 870 1415 facile
891 1358 1062 1434 intelleget,
1089 1363 1123 1419 in

75 1444 198 1503 Graecis
226 1442 342 1513 verbis,
378 1438 430 1497 sed
455 1458 511 1497 nos
539 1446 637 1521 tamen
666 1439 845 1514 singularem
872 1441 934 1500 vim
962 1444 1123 1527 particulae

75 1518 128 1589 τοὶ
150 1528 203 1585 rix
224 1542 376 1599 possumus
397 1521 482 1580 aliter
502 1523 698 1596 interpretari,
720 1543 778 1596 qua
798 1543 848 1582 res
864 1527 999 1584 universa
1015 1530 1124 1585 omissa

74 1613 133 1669 iam
161 1610 278 1683 reliqua
306 1608 525 1665 ratiocinatione
555 1603 724 1663 adfirmatur
746 1608 865 1665 omuino
886 1610 929 1666 ita
950 1629 982 1666 se
1003 1607 1121 1670 habere.

76 1692 211 1774 Quodsi
235 1698 286 1748 aut
310 1688 369 1748 alio
390 1688 476 1748 modo
499 1692 558 1747 iam
579 1691 649 1747 satis
671 1691 818 1764 cognitum
843 1709 907 1749 esse
930 1688 1045 1751 Socrati
1066 1716 1121 1768 pu-

75 1786 162 1837 tasset
184 1772 391 1851 Hippocrates,
412 1770 553 1849 Satyrum
574 1772 733 1847 aufugisse,
753 1781 802 1831 aut
822 1782 980 1833 certarem
1001 1780 1122 1836 omuino

76 1860 244 1921 adseverari
265 1857 422 1930 uoluisset,
446 1859 506 1915 nisi
525 1858 578 1929 itu,
600 1856 670 1928 quia
690 1857 854 1930 pertinebat
876 1856 913 1915 ad
934 1879 1009 1933 eam,
1033 1882 1122 1935 quam

74 1947 251 2015 institueret,
270 1940 492 2015 protectionem,
512 1939 619 2012 diceret
637 1938 688 1997 ille
709 1940 897 2014 simpliciter:
919 1932 938 2005 ὃ
957 1939 1020 2025 γὰρ
1038 1946 1122 2019 παῖς

74 2050 116 2105 με
138 2020 157 2089 ὁ
178 2018 327 2107 Σάτυρος
349 2012 492 2105 ἀπέδρα.
535 2020 622 2081 Νοοο
644 2032 740 2096 autem
761 2027 845 2097 quusi
864 2045 937 2101 rem,
960 2046 1035 2098 quae
1055 2030 1122 2101 ipsa

76 2130 194 2185 quoque
224 2130 284 2169 non
312 2106 405 2165 solnm
435 2104 597 2164 conclusiva
621 2104 673 2163 illa
693 2106 911 2181 adfirmatione,
945 2130 1033 2181 quam
1053 2130 1123 2183 par-

74 2196 161 2253 ticula
188 2186 250 2274 yolo
277 2189 418 2249 declarari
446 2188 590 2263 vidimus,
619 2187 670 2247 sed
692 2192 811 2248 omuino
833 2189 1052 2250 adseveratione
1075 2194 1123 2250 iu·

75 2278 206 2353 digeret,
231 2275 331 2350 fugam
359 2268 464 2349 Satyri
491 2272 621 2346 rettulit,
650 2271 774 2346 ideoq‘ne
798 2292 911 2331 sommo
933 2275 997 2331 inre
1019 2273 1123 2335 adiecit
1174 2330 1181 2341 x

76 2361 244 2436 particulam
265 2353 330 2433 τοί,
352 2375 427 2431 quae
448 2358 614 2415 universam
636 2355 781 2427 quandam
796 2354 1030 2419 adfirmatiouem
1045 2360 1122 2426 eius-

1 2434 2 2443 *
78 2444 145 2503 dem
174 2445 219 2502 rei
249 2442 420 2500 contineret.
468 2438 536 2517 Quo
570 2437 675 2497 melius
706 2436 763 2497 lroc
796 2438 954 2498 discrimen
974 2441 1123 2515 ‚intellegi

77 2535 173 2601 queat,
195 2534 259 2585 utar
280 2523 405 2600 quodam
429 2519 580 2596 Euripidis
604 2521 668 2580 loco
691 2542 731 2580 ex
750 2524 813 2581 eius
835 2524 945 2582 Heleno
959 2545 987 2583 v.
1002 2529 1053 2583 93.
1073 2526 1120 2584 ed.

76 2610 191 2685 Herm,
211 2611 262 2668 ubi
284 2618 439 2683 postquam
453 2604 565 2664 Teucer
586 2605 771 2682 significavit
785 2626 819 2669 se
840 2626 859 2666 a
879 2606 942 2667 tilio
960 2629 1012 2668 suo
1025 2611 1122 2685 patria

76 2694 197 2771 pulsum
220 2694 365 2767 exsulare,
387 2690 455 2749 dicit
475 2688 607 2749 Helena:
733 2688 755 2699 ““

251 2820 296 2876 'Ee
315 2824 362 2877 τοῦ
368 2844 377 2889 ,·
395 2818 425 2875 τὸ
445 2814 498 2892 γάρ
516 2840 556 2875 τοι
572 2822 691 2895 πρᾶγμα
710 2820 864 2897 συμφορὰν
880 2823 947 2917 ἔχει.

76 2966 141 3021 qno
162 2945 196 3003 in
217 2944 281 3003 loeo
301 2946 326 3005 si
347 2944 488 3003 dixisset:
518 2938 555 3004 ‘cri
586 2938 648 3025 γὰρ
671 2945 811 3027 πρᾶγμα
831 2940 1008 3029 συμφορὰν
1030 2938 1119 3025 ἔχεο,

74 3038 181 3106 posset
201 3027 237 3089 de
258 3050 314 3089 uua
331 3024 438 3088 Teucri
458 3027 528 3101 iuga
549 3028 681 3101 cogitari,
704 3048 783 3084 nunc
801 3047 849 3085 res
869 3031 962 3104 magis
983 3032 1121 3095 universe

75 3114 275 3190 significatur,
302 3121 334 3171 ut
358 3110 414 3191 lroc
438 3109 611 3169 declaratum
641 3114 694 3167 Est
714 3115 789 3169 cuius
809 3116 922 3169 omniuo
943 3130 978 3168 eu
997 3131 1043 3169 res
1063 3116 1121 3170 mi-

74 3217 150 3257 ucru.
192 3196 305 3257 Eadem
328 3197 371 3255 ris
392 3193 597 3270 particularum
615 3186 747 3277 γάρτοι
766 3196 810 3250 est
825 3194 923 3268 etium,
944 3214 1120 3266 quamquam

74 3281 176 3355 paullo
202 3282 304 3355 aliter,
332 3282 485 3354 conspicua
512 3278 544 3335 iu
563 3277 693 3334 Phaedro
715 3273 846 3333 Platonis
866 3273 947 3333 Part.
968 3273 992 3333 l.
1013 3276 1073 3338 vol.
1093 3274 1119 3335 l.
1190 3272 1193 3277 ’

72 3388 106 3440 p.
134 3368 165 3427 4.
192 3364 238 3425 ed.
270 3362 368 3423 Bekk.
398 3385 428 3437 p.
457 3366 529 3417 227.
559 3359 605 3417 ed.
630 3356 671 3417 Η.
696 3356 899 3433 8ῐορο.,“ιὼί
926 3356 1077 3420 Phaedrus
1103 3380 1121 3418 a

73 3446 197 3507 Socrate
218 3448 256 3507 de
277 3445 385 3507 scholis
406 3444 520 3521 Lysiae
540 3445 731 3519 interrogatus
751 3442 825 3501 lsaec
848 3440 932 3501 dicit:
956 3438 1027 3505 Καὶ
1045 3434 1121 3528 μήν,

1 3552 2 3555 ’
75 3522 104 3592 ὦ
133 3524 324 3614 Σώκρατες,
356 3520 573 3611 προσήκουσά
605 3523 642 3607 γέ
668 3546 725 3588 σοι
759 3517 768 3543 ‘
800 3516 896 3608 ἀκοή.
927 3517 946 3586 ὁ
976 3519 1040 3611 γάρ
1067 3548 1122 3591 τοι

72 3604 174 3694 λόγος
195 3606 242 3711 ἦν,
265 3606 345 3695 περὶ
365 3600 404 3673 ὃν
426 3603 641 3693 διετρίβομεν,
665 3599 726 3669 οὐκ
747 3546 815 3669 dld'
838 3602 876 3669 ὅν
897 3627 970 3669 τινα
985 3601 1121 3690 πρόνοον

73 3690 235 3779 ἔρωτικος
264 3688 348 3769 uzi„
382 3715 440 3768 quo
466 3696 498 3751 iu
526 3692 590 3751 loco
618 3692 682 3764 ipso
706 3709 822 3765 quoque
844 3692 926 3764 prior
946 3689 1122 3767 adfirmatio,

71 3799 151 3855 qnae
181 3782 278 3854 posita
305 3786 349 3837 est
379 3780 411 3836 in
441 3774 579 3851 particule
608 3766 686 3856 γάρ,
718 3777 760 3832 ita
780 3774 943 3850 separando
965 3782 1008 3832 est
1028 3776 1064 3833 ab
1085 3794 1122 3833 ee

71 3862 308 3937 adseveratione,
323 3882 416 3943 ‘quarn
439 3860 571 3933 adiungit
593 3852 645 3919 sol
662 3858 813 3933 particula,
834 3866 866 3916 ut
879 3858 933 3916 illu
952 3860 1036 3933 prior
1053 3878 1122 3932 per·

70 3949 165 4006 tinem
194 3944 232 4006 ad
249 3948 348 4021 ipsam
369 3944 637 4026 ratiocinationem,
666 3939 739 4003 haec
761 3950 857 4002 eutem
881 3944 1026 4017 posterior
1045 3941 1123 4000 nihil

69 4038 185 4105 spectet
214 4032 272 4089 nisi
303 4031 473 4089 universam
504 4044 650 4101 caussam,
686 4028 771 4100 quasi
797 4023 909 4085 Graeca
934 4027 987 4083 illa
1015 4026 1121 4085 verbor

68 4106 89 4177 ὃ
122 4104 186 4197 γάρ
215 4132 270 4175 τοι
299 4105 397 4193 λόγος
424 4100 464 4195 ἦν
493 4144 531 4155 -
561 4100 621 4172 οὐκ
646 4097 712 4171 oto’
738 4102 775 4170 ὅν
796 4128 869 4169 τινα
890 4102 1018 4189 τρόπον
1039 4103 1122 4189 ἐρω-

68 4188 180 4269 τικός,
204 4193 381 4257 Gemanica
401 4198 443 4254 ita
463 4191 638 4253 reddideris:
669 4194 750 4248 Deum
771 4190 815 4248 dte
829 4191 905 4247 Reda
917 4209 979 4247 vrur
991 4194 1021 4247 iu
1037 4189 1122 4249 ullone

69 4284 178 4341 Enete
199 4314 237 4327 --
257 4280 406 4341 ictuatus
427 4278 504 4339 uicit
521 4281 576 4337 sote
595 4272 744 4335 uerlielter‘s
756 4272 887 4345 iutuitu,
908 4292 966 4347 ‹pra
980 4295 1018 4333 cx
1031 4275 1121 4356 iuter·
