2850 4842
510 1553 837 1622 rnnusrmssnto
879 1554 1059 1622 sanctas

267 1747 788 1838 nnnxnttnlto
848 1741 1257 1852 FARNESw,

413 1983 607 2039 milium,
646 1983 673 2022 Ι.
706 1984 737 2023 tt.
771 1985 798 2022 Ι.
838 1982 1151 2024 unct-cucumam.

264 2515 487 2627 Mattiacas
506 2549 679 2633 Deam,
700 2545 879 2616 avunculus
898 2569 1007 2633 meus,
1025 2545 1207 2622 cardinalis
1226 2577 1297 2622 am.

262 2684 424 2778 piissime,
451 2683 570 2750 multos
595 2683 723 2770 quidem
743 2680 844 2749 lr'bros
864 2680 1010 2770 reliquit,
1032 2699 1103 2752 cctc
1122 2709 1161 2753 ac
1178 2687 1296 2776 viginti

182 2840 184 2850 ·
263 2803 356 2870 annis
376 2827 397 2868 a
416 2825 451 2869 se
471 2799 682 2890 ccmcriptus3
710 2823 773 2886 qna
794 2815 935 2888 tempora
955 2799 991 2866 in
1011 2816 1140 2871 tuorum
1160 2828 1295 2874 numera

263 2919 474 2988 familiarium
499 2920 540 2985 ad
567 2930 754 3007 supremum
777 2941 877 3005 nsque
901 2917 988 2986 ritae
1008 2920 1111 3006 diem,
1141 2944 1221 3009 qnae
1240 2939 1297 2991 tua

262 3038 326 3106 fuit
347 3061 423 3126 erga
443 3037 538 3104 illum
557 3035 756 3120 humanitas,
778 3035 868 3102 domi
885 3049 960 3102 tuae
979 3053 1122 3107 versatus
1143 3055 1201 3110 est.
1239 3039 1295 3109 Ex

264 3155 380 3244 quibus
410 3177 471 3244 ego
501 3153 594 3222 h'bria
621 3154 708 3220 hunc
739 3152 957 3243 potissimum,
986 3179 1081 3242 quem
1101 3157 1140 3223 de
1159 3183 1296 3243 graecu

265 3278 396 3359 linguae
418 3273 589 3360 paniculis
618 3270 796 3360 inscripsit,
822 3269 889 3339 iam
914 3272 1040 3361 pridem
1067 3290 1238 3344 statueram
1259 3276 1296 3343 in

264 3393 372 3458 lucem
400 3389 504 3459 cdere.
547 3389 741 3477 Quanquam
766 3387 915 3456 diuturna
942 3405 973 3457 et
1001 3408 1144 3459 accurata
1164 3415 1296 3479 graecu·

264 3531 339 3576 rum
367 3505 527 3574 librorum
554 3507 740 3575 tractatione
769 3506 853 3573 iliud
880 3521 948 3573 erat
974 3507 1070 3575 facile
1097 3524 1294 3594 consecutus,

265 3639 319 3710 nt,
346 3623 417 3712 quis
444 3640 525 3693 esset
552 3647 740 3712 graecarum
765 3622 994 3713 particularum
1023 3648 1117 3710 usus,
1144 3648 1224 3711 qnae
1244 3625 1294 3694 via

264 3767 304 3810 ac
324 3743 433 3828 notio,
454 3767 520 3810 non
540 3743 635 3809 mado
655 3741 726 3832 ipae
746 3743 937 3833 perspiceret
957 3756 1151 3826 serenaret,
1181 3767 1296 3812 verum

264 3859 338 3928 aliis
366 3883 490 3948 qnoque
517 3860 643 3926 tradere
673 3875 796 3947 posset,
830 3859 930 3947 deque
955 3857 1087 3925 illarum
1112 3839 1226 3928 natura
1245 3863 1296 3928 fa·

265 3977 387 4045 cillime
418 3977 597 4067 disputare..
641 3975 716 4044 Huc
743 3977 882 4062 accedit,
910 3975 994 4064 quoti
1018 3975 1086 4044 viri
1112 3979 1197 4046 docti
1223 4003 1296 4070 per·

265 4094 377 4180 multi,
408 4109 440 4161 et
469 4116 601 4181 graecae
619 4093 762 4180 'linguae
792 4093 994 4184 peritissimi,
1021 4117 1089 4163 nan
1118 4098 1217 4164 semei
1245 4119 1297 4165 aaa

267 4209 423 4282 cohortati
448 4226 538 4298 snut,
565 4226 601 4279 ut
621 4213 683 4281 hcc
703 4234 783 4302 opus
801 4211 837 4281 in
856 4212 1024 4284 nominum
1043 4213 1227 4305 adspectum
1246 4213 1296 4280 ln·
