2850 4842
356 415 399 465 vr
735 393 996 468 Praefatio.

355 573 498 664 apposita
522 575 634 659 afficit,
659 591 693 641 ut
718 579 802 662 quod
823 577 881 645 illa
901 575 1022 662 alioqui
1042 573 1115 640 fieri
1134 575 1294 644 factumve
1315 602 1387 645 esse

355 688 586 778 significarent,
614 691 649 758 id
675 718 768 780 posse
793 709 934 778 tantum,
965 707 1019 758 ant
1035 694 1173 779 manase
1189 694 1268 779 steri
1284 694 1388 781 signi·

354 808 465 890 ficant3
486 823 539 890 ut,
572 809 600 875 si
620 809 720 894 dicas,
746 807 879 901 ἔγραψα
900 807 949 888 ἂν,
963 833 1028 876 uon
1049 809 1143 900 ponis
1163 824 1195 876 te
1214 815 1388 900 soipnsse,

283 985 286 998 .
355 925 411 992 secl
440 927 579 1012 potuisse
608 927 758 994 scribere.
809 927 909 1024 lthne
938 949 1055 994 munus
1082 950 1178 995 voces
1204 928 1391 997 huiusmodi

355 1057 530 1131 praestant,
563 1057 618 1109 ant
646 1067 704 1130 per
732 1067 767 1110 se
793 1045 939 1132 singulae
964 1044 1105 1134 positae,
1136 1061 1191 1111 aut
1212 1046 1295 1112 aliae
1314 1047 1389 1115 aliis

340 1150 440 1224 'inter
467 1182 502 1226 se
523 1175 607 1226 certa
628 1161 766 1247 quadam
787 1163 910 1229 ratione
930 1161 1125 1230 coniunctae.
1167 1161 1209 1229 Iu
1231 1187 1294 1250 qua
1313 1167 1389 1255 qui·

357 1276 429 1342 dem
451 1276 635 1344 huiusmodi
662 1301 782 1345 vocum
808 1277 1045 1363 coniunctione,
1068 1277 1209 1348 sisnam
1228 1307 1389 1370 unaquae-

357 1415 418 1478 que
441 1392 510 1460 vim
536 1394 761 1481 notionemque
789 1395 962 1482 retineant,
991 1412 1068 1464 tnnc
1087 1397 1123 1464 in
1146 1399 1391 1468 constructionis

355 1512 549 1579 resolutione
579 1513 620 1577 ad
651 1511 779 1580 diversa
813 1513 960 1598 singulae
990 1514 1188 1582 relemnturz
1225 1516 1276 1582 sin
1307 1517 1391 1585 elnae

356 1629 410 1695 rel
437 1643 501 1696 tres
527 1607 626 1695 nuum
656 1651 785 1695 sensnm
816 1607 1001 1714 conficiant,
1029 1646 1061 1697 et
1090 1632 1135 1697 ita
1155 1631 1192 1697 in
1209 1655 1330 1717 annm,
1355 1652 1408 1701 ιιι,

354 1743 400 1811 ita
419 1745 541 1830 dimna,
569 1746 764 1836 conspirent,
787 1748 844 1831 lit,
862 1762 900 1812 ut
919 1771 1018 1814 unam
1038 1749 1107 1816 eius
1128 1748 1249 1816 ordinis
1269 1774 1388 1818 vocem

355 1878 477 1930 caterae
508 1863 659 1932 adiuvent
689 1887 840 1950 suamque
870 1864 958 1954 ipsae
991 1865 1254 1952 significationem
1286 1867 1389 1957 depo·

354 1997 443 2047 nant.
495 1981 570 2069 Quo
600 1985 655 2066 fir,
688 1999 724 2048 ut
756 2006 799 2048 ex
829 1980 975 2071 pluribus
1000 1983 1133 2050 vocibus
1158 2008 1390 2072 nonnunquam

354 2099 453 2166 simul
478 2099 595 2167 iunctis
623 2123 734 2167 sensus
760 2102 816 2166 fiat
842 2100 972 2166 nullius
989 2101 1078 2166 vocis
1097 2101 1245 2188 proprius
1264 2125 1389 2188 earum,

356 2239 437 2301 quae
463 2217 584 2303 positae
611 2232 703 2298 sunt,
728 2215 889 2282 interdum
908 2217 1004 2280 etiam
1023 2216 1064 2280 ab
1085 2215 1232 2281 omurlsus
1252 2217 1390 2303 dianus,

354 2347 391 2397 ιιι
416 2331 451 2397 ἰιι
477 2324 593 2400 lucet
614 2347 645 2398 et
670 2326 787 2399 {illone
810 2326 833 2419 ἢ
858 2329 1157 2400 demonstrabimus.
1200 2331 1287 2401 Nam
1306 2335 1390 2402 illut

356 2447 505 2538 inprimis
556 2446 874 2517 animadvertendum
921 2461 987 2532 est,
1039 2449 1210 2538 permagni
1253 2453 1390 2540 referre,

356 2583 465 2634 unum
502 2567 677 2657 particulae
717 2566 798 2631 (luae
829 2566 882 2633 vel
911 2567 1038 2654 plnres,
1071 2589 1129 2654 per
1159 2569 1392 2658 appositionem

357 2685 532 2777 quandam,
561 2698 598 2751 nt
623 2683 669 2751 ita
696 2681 820 2768 (licam,
848 2697 1082 2770 aggregantur,
1102 2683 1139 2751 iu
1159 2707 1223 2772 qna
1243 2685 1393 2775 singulae

356 2804 425 2875 rim
456 2825 549 2870 suam
578 2816 610 2870 et
637 2799 901 2888 significationem
930 2799 1104 2886 retineant,
1139 2824 1182 2869 au
1212 2805 1254 2871 ud
1284 2823 1392 2875 cenae

356 2919 520 2991 cuiusdam
541 2935 572 2988 at
591 2919 743 3012 proprias
760 2933 855 2987 notas
871 2918 1127 2987 comtitntionem
1143 2921 1391 3011 coniungantur.

313 3063 316 3072 ·
357 3041 450 3129 Quas
483 3040 570 3106 enim
599 3055 700 3107 certas
726 3061 765 3105 ac
791 3035 937 3128 proprias
962 3054 1055 3106 notas
1077 3039 1289 3125 constituant,
1317 3043 1391 3111 sive

355 3161 437 3227 duae
456 3159 537 3243 aiut,
558 3157 629 3226 aive
648 3155 777 3248 plures,
805 3155 841 3222 in
859 3180 958 3224 unam
977 3155 1241 3243 significationem
1260 3161 1389 3243 coeunt,

357 3295 405 3370 et,
429 3291 467 3341 ιιι
492 3275 612 3341 (limma
635 3288 701 3359 est,
731 3289 786 3341 aut
804 3297 888 3361 nna,
910 3289 966 3342 aut
986 3297 1095 3342 omnes
1115 3297 1208 3343 suam
1226 3273 1389 3364 significa·

357 3395 477 3460 tionem
495 3389 665 3460 immutant
684 3373 741 3458 seu
763 3391 942 3482 deponunt,
977 3392 1148 3462 ueletiam
1165 3393 1261 3459 unius
1281 3393 1388 3481 signi·

357 3511 536 3578 ficationem
561 3509 737 3594 adiuvant,
768 3527 805 3576 nt
825 3508 858 3578 al
878 3510 1117 3594 eonditimalis,
1146 3509 1184 3577 in
1205 3505 1238 3576 el
1257 3511 1305 3600 μὴ
1327 3535 1389 3580 ax·

358 3628 500 3718 captivae
520 3624 756 3698 constitutione.
796 3625 837 3696 si
855 3627 892 3696 in
910 3622 1058 3696 tatum
1077 3640 1110 3693 et
1132 3623 1332 3706 καὶταῦτα,
1352 3629 1388 3696 il

318 3741 323 3749 “
358 3763 423 3830 est,
444 3747 586 3832 αιιοφὺι
603 3724 855 3833 οιρναικνειη,
880 3743 977 3812 binas
995 3741 1169 3833 putianlae
1189 3741 1226 3811 in
1246 3745 1389 3832 ςιιιῐιοι

357 3887 438 3934 voce
456 3863 491 3929 in
511 3885 611 3929 unum
629 3885 759 3931 sensnm
779 3860 993 3946 conveniunt,
1022 3861 1078 3948 qni
1099 3861 1243 3930 neutrius
1261 3886 1388 3931 sensnm

359 3980 452 4072 sapit.
493 3979 560 4046 Eae
588 4002 684 4065 vero,
712 4005 793 4069 quas
819 4004 879 4071 per
906 3979 1136 4072 appodtionsm
1163 3997 1387 4070 aggregantur,

360 4101 441 4168 sicot
468 4123 486 4167 a
514 4123 548 4166 sa
567 4097 706 4168 invicem
727 4101 850 4166 solutae
867 4115 962 4185 sunt,
982 4097 1029 4166 ita
1048 4123 1092 4166 ax
1110 4097 1191 4190 ipsis
1208 4098 1291 4167 nilril
1310 4123 1388 4167 era·

359 4218 421 4304 tis,
438 4219 523 4306 qnod
543 4239 643 4283 unum
664 4217 725 4300 rit3
745 4216 800 4285 uo
820 4217 860 4284 al
881 4218 1008 4290 ‹lirersa
1030 4217 1175 4307 singulae
1194 4219 1386 4302 referuntur,
