2850 4842
325 425 328 432 Ι
352 485 463 535 xvnr
737 454 988 533 Praelatio.

350 659 468 724 stores,
495 662 607 704 veram
639 625 736 704 etiam
759 635 950 706 'Gurdinalas
978 636 1143 720 nonnulli,
1173 635 1215 704 lu·
1230 661 1260 704 e.
1281 636 1386 728 Beip.

350 757 552 826 Christianae
584 752 725 838 lmnina,
762 768 794 820 et
821 755 939 824 summi
969 754 1065 822 etiam
1096 752 1270 822 Pontifices
1301 781 1386 844 pro·

350 875 460 942 diere?
487 897 639 960 quorsum
669 896 731 959 ego
756 875 946 940 Marcellum
967 875 1129 939 &adm
1148 873 1209 938 hoc
1225 872 1299 939 loco
1319 895 1388 938 no-

350 992 491 1058 minem?
518 989 573 1078 qui
601 990 642 1056 cb
668 988 829 1075 insignem
857 988 986 1056 vinctis
1007 1004 1040 1055 et
1059 987 1232 1078 sapientiae
1250 990 1385 1056 laudent

350 1110 390 1174 ad
422 1131 607 1199 supremum
636 1105 848 1172 sacerdotium
878 1121 926 1172 est
956 1122 1100 1172 evectast
1131 1107 1188 1192 qui
1218 1127 1292 1172 oum
1323 1106 1385 1173 diu

350 1245 454 1292 tecum
483 1226 564 1292 olim
587 1223 846 1310 familiariterque
871 1222 1024 1305 vixisset,
1045 1223 1234 1310 gravissimo
1253 1239 1309 1290 tuo
1328 1237 1384 1290 te-

350 1343 518 1428 stimonio,
539 1358 574 1410 ut
586 1367 654 1433 par
674 1356 733 1425 eet,
752 1363 818 1406 nou
837 1363 908 1424 sua,
929 1364 948 1407 a
969 1364 1030 1428 qna
1050 1340 1238 1428 longissime
1255 1341 1383 1424 alterat,

350 1461 535 1542 ambiticue3
563 1459 718 1529 virtutum
742 1480 876 1526 suarum
901 1458 990 1544 quasi
1017 1459 1169 1546 gradibus
1198 1458 1239 1523 ad
1270 1481 1385 1525 sacros

350 1602 387 1644 ac
424 1599 565 1645 summos
600 1578 738 1646 honores
770 1575 949 1659 adscendit,
990 1599 1086 1661 quem
1115 1590 1222 1642 tamen
1250 1575 1384 1642 videtur

350 1695 443 1762 Deus
471 1695 636 1764 ostendere
661 1695 767 1783 potius
787 1693 973 1760 mortalibus
992 1692 1149 1774 soluisse,
1169 1715 1264 1778 quam
1286 1692 1383 1776 dare,

350 1813 465 1902 quippe
486 1811 540 1898 qui
560 1810 670 1901 paucis
692 1812 804 1878 diebm
823 1809 921 1877 fuerit
941 1808 977 1877 in
996 1809 1184 1899 apostolico
1203 1807 1263 1878 illo
1280 1809 1381 1876 faeti·

350 1929 405 2017 gio
427 1945 599 2019 superstes,
620 1942 655 1994 ut
675 1942 706 1994 et
725 1928 820 1995 illum
839 1943 927 1996 tanto
947 1929 1068 1995 honore
1088 1926 1327 2013 dignissimum,
1346 1945 1381 1996 et

349 2071 410 2115 nos
435 2062 521 2114 tanto
547 2059 672 2134 pastore
698 2068 764 2112 noo
788 2046 867 2112 satis
885 2047 1020 2112 fortasse
1041 2044 1156 2131 dignos
1175 2067 1245 2112 esse
1266 2045 1380 2112 decia·

349 2178 444 2231 rarat.
492 2162 616 2230 Omitto
644 2165 875 2230 Bmaadiaess
906 2165 1088 2251 Maffoeaus
1116 2178 1149 2229 et
1178 2164 1382 2247 Ardagket-

350 2281 442 2363 le'aes,
476 2277 680 2363 cardinales,
712 2279 768 2365 qni
796 2280 878 2346 illud
910 2301 1070 2370 purpurae
1100 2277 1195 2346 decus
1230 2304 1249 2346 e
1278 2281 1382 2348 domo

349 2414 405 2462 tua
419 2396 608 2481 retulerunt,
628 2395 712 2482 quod
726 2395 860 2464 illorum
875 2398 989 2463 merita
1006 2397 1217 2485 postulabant.
1238 2399 1382 2466 Im

349 2515 507 2582 Antonias
522 2515 759 2599 Fuceie'aattue,
779 2513 850 2600 qui,
871 2539 945 2580 cum
964 2515 1107 2602 primum
1117 2513 1257 2582 Romam
1270 2515 1381 2600 uenit,

349 2629 386 2696 iu
421 2645 548 2698 tuorum
583 2655 718 2699 numero
749 2630 993 2699 domesticorum
1021 2656 1096 2698 eum
1125 2657 1250 2700 summa
1278 2635 1382 2701 laude

349 2763 492 2815 versatus
523 2763 570 2816 est
577 2774 588 2832 3
616 2749 691 2817 inde
721 2749 912 2817 Tridentino
938 2747 1087 2817 &nulio
1111 2748 1275 2836 interfuit,
1305 2766 1383 2820 tum

348 2863 499 2933 Venetiae
530 2889 550 2934 a
580 2865 641 2934 Pio
672 2865 717 2935 V.
748 2867 881 2951 missus,
922 2866 1115 2954 legationem
1147 2891 1273 2936 samma
1298 2891 1382 2939 cum

347 2981 500 3070 dignitate
531 2984 628 3070 obiit,
667 2984 781 3052 deiude
810 2971 842 3051 a¹
865 2985 1018 3069 Gregosa'o
1048 2988 1160 3053 XIII.
1191 2985 1381 3056 cardinalis

346 3113 472 3182 creatus
498 3117 563 3169 est:
589 3104 646 3169 vel
673 3127 759 3170 unus
784 3117 886 3192 potest
912 3125 982 3168 esse
1006 3102 1100 3168 huius
1124 3101 1174 3167 rei
1193 3101 1279 3167 testis
1298 3101 1380 3172 ido·

345 3243 442 3302 aeus,
474 3219 529 3308 qui
562 3243 647 3286 nunc
676 3220 712 3286 iu
741 3220 804 3287 lece
828 3235 1029 3287 saumonem
1050 3217 1184 3284 Petrum
1210 3217 1376 3307 collegio,

345 3357 462 3422 magno
487 3338 571 3426 apud
598 3361 707 3406 omnes
731 3352 779 3404 est
803 3337 839 3403 iu
859 3337 997 3422 honore,
1021 3339 1063 3404 ob
1083 3336 1193 3421 legum
1212 3337 1377 3407 humana·

345 3475 418 3518 rum
447 3475 485 3518 ac
511 3453 692 3544 divinarum
713 3453 893 3539 edendam,
917 3455 1031 3542 quibua
1049 3440 1248 3543 potissimam
1269 3455 1377 3524 fultus
1403 3466 1404 3477 ¹

344 3568 531 3655 praesidiis,
552 3561 651 3640 multa
671 3588 702 3640 et
721 3573 910 3660 gravissima
930 3595 1028 3640 onera
1047 3593 1108 3659 pro
1126 3569 1279 3654 dignitate
1297 3595 1377 3641 sue

343 3685 422 3752 tinet
440 3685 476 3751 in
496 3655 639 3756 Ecclesia
657 3707 765 3757 saneta
784 3715 843 3778 pro
854 3690 985 3757 ‘virilius
1005 3684 1208 3755 sublevanda.
1243 3685 1376 3756 Verum
1400 3706 1401 3745 l

341 3826 383 3868 ne
409 3803 444 3870 in
472 3805 532 3870 bae
550 3828 586 3871 re
605 3807 732 3893 longius
752 3807 929 3894 digrediar,
955 3828 1050 3893 quam
1070 3818 1125 3869 aut
1142 3804 1230 3890 leges
1250 3803 1377 3892 episto·

341 3917 394 3984 lae
418 3922 594 4009 patiantur,
623 3938 677 3990 aut
696 3924 782 3994 vires
801 3948 891 3994 meae
909 3925 995 3989 serre
1014 3921 1156 4013 possint,
1182 3921 1225 3988 ad
1243 3921 1375 3990 institu-
1397 3958 1398 4009 p

340 4051 408 4102 tam
446 4038 485 4104 de
521 4041 679 4110 avunculo
715 4067 789 4111 meo
823 4041 1038 4112 narrationem
1072 4052 1291 4107 revertamur.·
1339 4032 1397 4113 lsi

342 4175 422 4239 argu
454 4153 541 4221 domi
574 4174 647 4224 tuae
673 4159 901 4228 Tridentiuum
928 4156 1130 4241 Gcnoilium,
1163 4171 1197 4224 et
1221 4120 1396 4227 (letacii-⁴

333 4293 468 4357 ¹amum,
490 4269 543 4339 Pii
563 4274 607 4343 V.
627 4273 736 4362 iussa,
763 4278 800 4343 in
826 4299 977 4364 graemm
1004 4299 1048 4344 ex
1072 4273 1172 4340 latino
1198 4277 1394 4365 couvertitl
