2850 4842
296 410 375 462 xrr
672 377 931 456 Praefatio.

289 571 358 642 ,hoe
378 565 490 636 libello
511 562 634 652 percipi
654 585 749 652 posse
764 562 829 630 viri
850 559 1023 633 doctissimi
1040 573 1133 646 atque
1149 562 1338 646 perusimi

297 685 548 770 arbitrarentm
575 678 656 748 illud
686 681 752 751 mei
778 679 921 748 muneris
948 703 1016 750 oses
1039 678 1185 749 maxime
1204 680 1342 759 videba-

296 822 369 888 tur,
400 816 435 868 nt
467 815 499 866 et
529 797 682 871 avunculi
712 821 848 882 nomen,
881 797 984 884 ‹pnoed
1014 795 1085 864 eine
1113 796 1186 866 fleri
1217 815 1340 884 posset,

296 916 534 990 immortalitati
563 915 840 1001 commendarem,
879 931 910 980 et
937 938 1071 1001 graecu
1102 915 1233 1000 linguae
1263 939 1342 1009 per·

298 1035 469 1108 discendae
497 1033 641 1121 subsidia
661 1035 805 1102 eiusdem
824 1032 973 1102 studiosis
992 1033 1177 1108 bominibus
1195 1035 1265 1103 eine
1283 1034 1341 1106 in-

298 1155 389 1226 vidia
407 1151 589 1243 proderem.
621 1149 746 1218 Verum
766 1150 884 1218 othon
903 1150 1028 1239 pietatis
1049 1150 1191 1220 officium
1210 1152 1251 1225 ad
1274 1153 1340 1218 hoc

298 1295 397 1361 nequa
428 1284 552 1359 tempus
583 1268 765 1351 differrem,
798 1269 918 1335 multae
946 1292 998 1333 me
1030 1292 1082 1336 ree
1105 1269 1340 1358 propemodum

299 1403 483 1477 coegerunt.
537 1385 686 1454 Primum
706 1385 794 1456 enim
815 1410 888 1452 oum
908 1385 1017 1452 decem
1037 1386 1105 1452 fere
1123 1384 1210 1475 ipsos
1229 1403 1340 1454 extre-

292 1531 370 1600 mos
398 1503 509 1576 aetatis
540 1528 641 1574 annos
670 1505 756 1572 idem
784 1503 961 1572 avunculus
980 1526 1071 1571 mene
1092 1503 1228 1575 adversa
1247 1505 1339 1573 eele-

300 1627 409 1694 tndine
436 1621 670 1692 conflictaretur
692 1620 839 1702 assidue,
859 1643 911 1686 me
932 1618 1074 1688 Romam
1094 1619 1239 1714 Cnreyre
1257 1646 1339 1711 pau.

299 1742 348 1812 sis
375 1757 450 1810 ants
477 1739 658 1823 mensibne,
679 1761 776 1825 qnam
796 1761 815 1804 e
835 1737 902 1804 vita
922 1735 1115 1823 discederet,
1135 1763 1176 1808 eo
1198 1741 1337 1809 oonsilio

233 1951 236 1958 ι
300 1873 482 1944 revocaret,
510 1873 545 1924 ut
572 1856 635 1946 ipsi
663 1880 737 1924 enm
763 1856 799 1923 in
824 1856 898 1922 eliis
919 1855 1028 1942 libris,
1050 1871 1118 1924 tam
1136 1857 1174 1927 in
1193 1857 1257 1926 hon
1275 1883 1339 1949 pn-

300 1978 461 2048 tiasimnm
481 1974 687 2044 deser-ibendo
706 1997 745 2041 ec
765 1973 961 2062 disponendo
982 1989 1109 2064 praesto
1129 1997 1250 2060 essem,
1269 1973 1339 2044 nisi

292 2099 364 2184 ,vita
396 2096 501 2187 ipsum
531 2107 621 2163 antea
654 2093 831 2176 defecisset.
894 2089 978 2158 Gnm
1010 2093 1099 2160 enim
1128 2091 1163 2160 id
1192 2093 1339 2164 maxime

297 2229 426 2304 agerat,
446 2236 485 2278 aa
505 2210 566 2278 tibi
588 2211 692 2276 adhuc
712 2207 981 2293 fideliter‚1'ater
1000 2209 1215 2299 amplissime,
1236 2219 1355 2282 new

298 2348 348 2404 ret
373 2354 434 2420 pro
461 2326 588 2396 viribus
613 2350 763 2416 operam,
790 2325 991 2413 septuaginta
1011 2341 1105 2396 netns
1125 2349 1229 2399 annos
1250 2328 1338 2401 diem

300 2473 394 2522 snnm
414 2445 512 2531 obiit,
534 2443 727 2534 praeclaris,
747 2458 784 2515 nt
803 2442 896 2511 initio
916 2443 1081 2528 dicebam,
1100 2444 1222 2518 salietis
1242 2447 1338 2536 inge-

298 2569 348 2638 nii
376 2564 598 2652 doctrinaeque
625 2561 846 2634 monimentis:
874 2585 918 2628 ex
943 2560 1057 2647 quihus
1079 2562 1159 2629 haee
1185 2564 1272 2654 ipsa,
1293 2567 1336 2635 de

299 2708 433 2776 graecae
464 2681 596 2768 linguae
625 2678 811 2769 partiendis,
850 2676 1065 2747 eruditissima
1097 2680 1268 2770 disputatio
1298 2685 1336 2752 irs

291 2803 406 2882 ‚verim
434 2801 575 2890 disperse
607 2797 793 2882 schedulas,
823 2797 887 2864 fnit
916 2819 990 2863 cnm
1021 2820 1040 2862 e
1066 2821 1119 2864 me
1150 2798 1334 2886 diligentius

300 2918 498 3007 enssigenda,
530 2933 562 2984 et
591 2917 632 2984 ad
668 2930 786 2983 certam
816 2913 975 3002 quandam
1000 2915 1180 2983 revocanda
1207 2919 1335 2986 metho-

299 3041 376 3114 dnm
407 3060 446 3104 eo
475 3034 584 3120 viem,
613 3049 683 3100 tum
713 3057 735 3098 a
764 3032 843 3101 viris
873 3031 974 3101 doctis
999 3048 1094 3120 etque
1120 3035 1331 3123 prudentibus

297 3170 443 3228 asenrste
469 3152 654 3242 parotium
680 3149 948 3236 recognoscenda.
998 3149 1128 3217 Deinde
1152 3175 1230 3226 vero
1257 3153 1335 3220 exi.

297 3276 372 3365 gnis
397 3271 601 3354 facultatibus
628 3269 791 3336 avunculo
818 3267 956 3352 relictis,
983 3269 1128 3346 nondum
1147 3268 1238 3337 licuit
1263 3271 1335 3338 effi·

298 3415 387 3476 nere,
418 3388 503 3477 qnod
533 3389 697 3476 optabam,
729 3408 831 3473 neque
860 3409 939 3456 vero
969 3386 1065 3455 lineat
1091 3387 1154 3456 hoe
1179 3403 1334 3476 tempere,

298 3508 364 3586 nisi
388 3521 444 3576 tua
469 3503 552 3572 mihi
577 3503 778 3590 benignitas,
809 3503 966 3593 Princeps
994 3502 1225 3587 illustrissime,
1255 3505 1335 3572 enb-

298 3625 423 3709 reniet3
451 3647 547 3712 quem
570 3620 606 3688 in
633 3622 783 3710 operibus
811 3622 948 3711 egregiis
973 3637 1005 3690 et
1029 3625 1065 3687 in
1080 3618 1121 3689 iis
1141 3620 1333 3709 praesertim

297 3741 503 3818 sublevandis
533 3736 684 3806 edhibere
713 3743 817 3825 soles,
848 3739 905 3828 qni
933 3754 965 3806 te
995 3738 1106 3806 sedule
1133 3736 1333 3826 fideliterque

297 3859 463 3930 minerim.
514 3855 555 3924 ln
581 3853 719 3943 quibus,
745 3856 896 3946 qnoniam
923 3854 994 3922 inre
1018 3867 1121 3944 potest
1147 3859 1332 3926 Martem

297 3978 456 4049 fleverim
480 3973 662 4060 numerari,
688 3999 763 4042 enm
790 3973 849 4042 tibi
871 3972 914 4042 sit
941 3970 1142 4040 isdinttsrna
1162 3987 1210 4040 tot
1227 3997 1333 4042 mno-

298 4119 373 4166 runs
410 4091 638 4164 nonsnetndine
667 4093 795 4187 penitus
827 4089 975 4178 cognitus
1004 4105 1099 4178 etqne
1128 4108 1332 4182 perspectus

297 4214 348 4284 mi
371 4210 473 4306 ipsius
492 4207 673 4294 testimonio
692 4208 886 4298 muudum
905 4209 1026 4294 fretus,
1053 4231 1155 4301 panea
1174 4210 1330 4298 quadem
