2850 4842
504 507 628 589 siarc-
1028 510 1094 581 753

49 706 125 747 mam
147 680 363 760 ueniebant,
391 678 457 757 sci,
480 686 515 739 st
532 678 635 739 socole
656 673 751 763 πρ1ν,
772 700 849 757 quse
868 682 995 757 primunr
1015 686 1093 745 idem

48 773 177 845 valeret,
204 766 283 844 quod
303 758 484 847 πρότερον,
506 771 537 824 at
557 762 781 838 respondentem
803 767 858 825 aiii
881 758 1093 850 iipartimrturn

49 854 231 931 postularet,
268 859 367 910 tamen
403 847 544 923 loquendi
576 847 784 907 cousuetudine
815 852 904 909 etiarn
940 856 982 911 ibi
1022 858 1094 929 porri

49 949 150 1014 coepta
171 945 224 1012 est,
245 938 296 994 ubi
317 935 472 993 relativam
492 934 615 991 sormam
640 942 836 1007 exspectares,
861 937 904 993 sic
924 934 1007 1011 τέως
1022 960 1094 1013 quc-

50 1043 108 1097 que
129 1026 171 1080 its
191 1028 362 1095 poneretur,
384 1028 416 1075 st
438 1019 504 1091 ipss
528 1016 680 1074 relativam
703 1019 762 1074 rim
785 1021 1012 1094 nancisceretur,
1033 1042 1093 1080 non

50 1105 129 1181 quoti
150 1124 189 1163 ex
210 1101 310 1162 lonico
332 1100 456 1159 dialecto
479 1097 527 1158 iic
545 1118 616 1158 saus
636 1112 783 1175 maneret,
816 1101 866 1162 sed
889 1106 958 1177 quia
979 1105 1094 1167 dicendi

50 1188 229 1249 consuetudo
249 1186 305 1244 iroc
324 1187 458 1259 invexit,
488 1194 521 1242 ut
540 1192 673 1241 nostmm
693 1185 758 1242 citer
783 1206 838 1260 pro
867 1188 931 1245 sicr
953 1190 1013 1261 nir,
1043 1210 1095 1250 so-

50 1276 132 1349 ioapo
154 1292 209 1346 pro
229 1275 284 1330 wie
303 1270 385 1345 leupo
407 1276 436 1327 et
457 1288 532 1343 qnae
551 1278 620 1327 sant
639 1267 759 1325 similia.

132 1356 182 1415 Ac
200 1376 239 1413 ne
261 1352 384 1429 quiade
404 1350 460 1410 irae
480 1372 513 1411 re
533 1351 646 1409 dubitet
662 1360 713 1410 aut
732 1370 767 1409 ea
786 1352 932 1427 exempla,
950 1374 1027 1428 quse
1041 1376 1096 1430 pro

50 1441 226 1499 testimoniis
255 1436 441 1510 adseruntur,
469 1434 661 1509 improbando
680 1446 778 1509 putet,
813 1438 959 1496 aetitiam
981 1450 1095 1498 cautum

49 1533 93 1582 est
120 1526 157 1581 ab
185 1522 397 1597 antiquioribus
420 1520 623 1597 grammaticis.
665 1517 784 1577 Etenim
805 1540 865 1578 nou
887 1520 980 1579 scium
1000 1542 1097 1597 gram·

49 1609 171 1666 rusticus
190 1609 223 1665 in
243 1601 378 1664 Bekkeri
407 1604 560 1663 Aneodotis
585 1606 703 1663 crosco
729 1624 758 1677 p.
780 1609 856 1679 369,
879 1610 928 1661 23.
950 1604 1022 1665 irsec
1044 1606 1095 1665 ire·

49 1693 119 1750 bet:
156 1687 268 1763 Τέως
288 1720 327 1733 ·-
349 1682 502 1769 σημαίνει
525 1681 580 1748 καὶ
600 1680 639 1747 τὸ
661 1680 749 1761 ἕως,
776 1692 984 1747 verumetiam
1006 1688 1097 1751 Seiro-

48 1774 137 1833 liasta
162 1771 292 1832 Platonis
318 1770 354 1829 sd
378 1770 573 1847 ffipporcieom
594 1791 623 1844 p.
647 1772 719 1827 635.
742 1770 787 1830 ed.
811 1769 911 1830 Beki.
933 1772 1011 1832 idem
1038 1782 1096 1833 tra·

48 1858 129 1917 didit.
173 1856 222 1918 De
253 1875 377 1931 qnorum
403 1856 905 1928 grammaticorum·testimoniis'eo
927 1860 1025 1917 minua
1051 1862 1096 1918 ri·

49 1942 241 2016 deturpasse
263 1940 403 2011 dubitari,
434 1937 512 2011 quod
535 1939 623 1996 etiam
643 1942 753 2011 optumi
775 1939 843 1998 iibri
864 1960 952 2015 saepe
973 1963 1095 2002 numero

48 2024 133 2099 τέως
163 2028 196 2085 in
226 2026 290 2084 eius
319 2022 397 2081 modi
426 2021 498 2081 locis
528 2028 662 2096 tuentur,
697 2029 727 2081 et
752 2023 869 2083 facilius
899 2025 956 2083 tuit
988 2028 1019 2085 iu
1049 2026 1096 2085 iris

48 2110 121 2169 iocis
154 2105 237 2183 τέως
274 2107 429 2182 depravari
465 2108 499 2163 in
541 2098 604 2178 ἕως
640 2126 727 2178 quam
764 2106 837 2166 iilud
877 2118 995 2182 contra,
1034 2106 1098 2185 ἕως

46 2196 81 2252 iu
114 2188 208 2265 τέως.
248 2189 288 2249 Et
321 2186 534 2249 Demosthenes
566 2189 701 2263 quidem,
733 2209 819 2263 quem
846 2194 902 2251 iarn
929 2192 1097 2253 testificatus

48 2286 94 2336 eat
114 2273 269 2333 scholiasta
292 2271 421 2332 Platonis
442 2273 463 2330 1.
484 2274 523 2347 1.,
541 2272 694 2345 permultis
712 2272 782 2333 iocis
805 2271 887 2349 τέως
904 2278 945 2333 ita
966 2280 1098 2351 posuisse

47 2358 185 2432 videtur,
214 2366 247 2416 st
272 2357 424 2415 relativam
450 2359 509 2414 vim
530 2354 661 2415 liaberet.
705 2358 751 2415 Ac
774 2360 897 2432 primum
921 2360 1038 2434 quidem
1061 2362 1097 2421 de

48 2446 115 2501 eius
143 2444 260 2516 scriptis
286 2441 412 2499 conferri
434 2449 525 2515 potest
545 2442 638 2498 oratio
657 2440 826 2514 Olynthium
846 2440 885 2500 11.
919 2448 948 2516 p.
971 2452 1022 2503 21.
1050 2444 1097 2505 ed.

48 2524 152 2585 Bekis.
185 2545 214 2599 p.
235 2528 287 2583 24.
319 2523 366 2583 ed.
387 2522 490 2583 Reisk.
523 2519 656 2606 Ὥσπερ
708 2520 752 2607 ἂρ
785 2520 819 2588 ἐν
847 2528 919 2601 τοῖς
948 2523 1099 2607 σώμασιν

49 2603 160 2691 ἡμῶν,
188 2604 290 2683 τέως
310 2603 383 2684 μὲν
404 2599 681 2692 11νορρω,ιιένοςί
722 2628 788 2683 τις,
811 2601 907 2671 οὐδὲν
928 2605 1099 2675 ἐπαισθά-

49 2711 142 2755 νεται
164 2692 229 2753 τῶν
250 2682 332 2752 καθ’
357 2686 479 2753 ἕκαστα
500 2690 652 2773 σαθρῶν,
678 2684 763 2752 aurio
785 2688 823 2753 δὲ
844 2682 1044 2776 ἀρρώστημά
1066 2718 1098 2758 τι

50 2771 179 2858 συμβῇ,
202 2768 312 2835 πάντα
334 2775 471 2834 κινεῖται
494 2766 576 2847 nra,
596 2794 654 2848 quo
676 2776 708 2831 in
729 2773 793 2833 ioco
811 2796 868 2834 nou
886 2777 979 2835 scium
997 2798 1098 2838 omncs

51 2856 262 2917 Demosthenis
290 2855 359 2913 libri
387 2856 511 2913 farinam
538 2853 620 2931 τέως
641 2865 773 2933 tuentur,
802 2864 1009 2921 verumetiam
1030 2860 1099 2922 Sto·

50 2945 115 3000 baei
152 2942 305 2999 auctoritas
341 2960 371 3013 p.
406 2942 478 2997 540.
508 2934 581 2996 haec
612 2940 735 2999 citantis.
788 2936 868 3002 Satis
900 2948 977 3005 c'erte
1011 2949 1098 3007 etiam

49 3026 194 3084 librarum
218 3024 372 3082 auctoritas
396 3032 442 3079 est
467 3024 498 3079 in
525 3024 657 3079 oratione
677 3023 711 3079 dc
733 3030 893 3095 memoriis
921 3031 950 3100 6.
974 3034 1024 3087 36.
1053 3029 1099 3089 eci.

50 3109 153 3168 Bekk.
183 3112 304 3183 p1188.
331 3105 377 3166 ed.
398 3103 502 3163 Reisk.
549 3101 608 3177 Τίς
632 3098 695 3187 γὰρ
723 3096 784 3167 οὒκ
807 3094 896 3169 οἶδεν
917 3098 1025 3172 οὔτῶν
1045 3105 1100 3179 ὅτι

51 3190 157 3266 τέως
176 3187 244 3270 μὲν
266 3186 375 3251 κοινόν
398 3184 519 3288 ἒζθρόν
540 3182 664 3250 ἐκεῖνον
685 3181 910 3270 ὑπειληφότες
931 3183 1101 3269 ὡμονόουν

54 3268 228 3357 ἀλλήλοις,
250 3269 384 3337 πολλῶν
410 3260 651 3353 operarerque»
674 3262 799 3351 κόριον,
819 3268 936 3355 ἐπειδὴ
960 3272 996 3337 δὲ
1025 3268 1101 3351 xri„

53 3362 101 3417 ubi
125 3360 196 3417 iibri
217 3356 335 3431 quidem
356 3355 514 3414 deteriores
536 3349 599 3427 ἕως
620 3352 754 3429 offerunt,
780 3355 880 3431 procui
901 3355 989 3415 dubio
1006 3380 1023 3417 e
1040 3379 1103 3419 con·

53 3444 194 3501 rectione.
238 3437 351 3498 Certior
376 3442 463 3497 etiam
492 3439 633 3513 scripture
660 3449 748 3511 atque
777 3446 877 3514 aperta
903 3461 919 3499 a
946 3440 1102 3503 scholiasta

52 3522 190 3584 Platonis
218 3544 249 3598 p.
273 3526 344 3581 335.
379 3521 425 3583 ed.
450 3519 549 3580 Beki.
581 3520 751 3579 confirmata
783 3532 826 3581 est
855 3525 887 3581 in
917 3526 1047 3585 oratione
1069 3528 1103 3587 de

53 3610 134 3682 tideo
156 3608 294 3685 iepoticrrs
318 3608 346 3679 5.
369 3610 439 3665 326.
461 3605 507 3665 ed.
530 3602 629 3662 Bekis.
652 3626 683 3679 p.
705 3608 778 3664 446.
801 3605 846 3665 ed.
869 3604 976 3669 Reisk.
1014 3601 1104 3674 ’Arri

55 3688 93 3754 δὲ
113 3690 176 3754 τοῦ
196 3684 254 3751 τὸν
269 3680 425 3771 Ὠρωπόν
446 3682 523 3766 ὑμῖν
545 3676 762 3789 ἄηοδοῧῇναι
784 3684 864 3769 περὶ
885 3685 1024 3773 Δρόμου
1047 3690 1104 3757 noi

54 3776 115 3859 τῆς
153 3766 242 3852 πρὸς
260 3765 445 3876 ιΠοννοὶντνρ
475 3763 585 3855 χώρας
615 3774 683 3845 μεθ
711 3766 861 3872 ’initur'
880 3766 1106 3855 ἐξερχόμεθα,

55 3852 90 3926 ii,
120 3854 220 3931 τέως
254 3874 357 3938 puae
389 3857 519 3931 Φωκεῖς
547 3852 647 3936 σῷοι,
683 3850 845 3917 corruam
887 3852 1103 3939 ἐποιήσαμεν.

53 3938 161 4015 Neque
181 3942 213 3997 iu
234 3942 365 3997 oratioue
388 3940 521 4015 Leptinen
543 3941 571 4009 §.
591 3940 642 3995 91.
664 3937 708 3998 ed.
725 3934 823 3997 Bekk.
845 3960 875 4015 p.
895 3942 967 4013 484,
988 3948 1038 4000 22.
1057 3942 1104 4004 ed.

53 4022 159 4082 Reisk.
176 4022 235 4081 uile
257 4031 301 4081 est
316 4022 456 4080 librorum
470 4021 663 4095 discrepantia
677 4023 706 4078 iu
722 4026 819 4082 verbis
835 4020 895 4083 iris:
919 4019 1104 4107 Καὶγᾰριοι

55 4102 133 4169 τότε
153 4104 229 4182 μέν,
250 4102 349 4181 τέως
368 4100 439 4168 τόν
461 4099 614 4186 τρόπον
634 4106 752 4167 τοῦτον
773 4102 1007 4183 ἐνομοθέτουν,
1032 4110 1103 4185 τοῖς

55 4186 116 4267 μὲν
149 4182 335 4271 ὑπάρχουσι
358 4180 475 4265 νόμοις
498 4182 656 4270 ἐχρῶντο,
687 4184 821 4262 καινοὺς
843 4180 904 4250 οὖν
926 4185 1100 4254 ἐτίθεσαν·

56 4267 176 4355 ἐπειδὴ
206 4268 244 4335 ct
270 4263 335 4331 κτὲ.
376 4270 482 4345 Neque
507 4291 580 4331 vero
603 4271 640 4329 eie
659 4273 799 4331 orationis
819 4272 969 4333 Midicaas
998 4280 1026 4345 6.
1055 4284 1102 4341 rc.

55 4356 103 4415 ei.
125 4353 226 4419 Bekk·
249 4375 281 4430 p·
302 4358 380 4431 619,
401 4360 452 4419 29.
470 4355 518 4416 ed.
538 4352 640 4415 Reisk.
662 4364 781 4431 propter
799 4373 942 4417 summam
962 4358 1102 4420 librorum
