2850 4842
538 498 640 585 ἅμα.
1070 513 1113 577 97

75 679 146 734 ura
169 684 205 733 ut
230 673 303 733 nitet
323 676 527 749 potissumum
549 681 612 731 eret
634 675 729 750 tprnm
748 672 903 750 pericnlum
923 680 1042 749 nitroso,
1069 684 1113 740 ito

74 758 216 818 dolendum
241 762 327 815 etium
348 758 529 825 celentcuter,
551 756 625 833 quod
645 762 754 816 οιιιίοοε
773 758 902 817 debebam
923 765 1113 837 inpar-uicisset

75 843 212 901 adducere.
251 835 333 899 Vide
351 859 428 915 quae
445 838 501 898 lroe
515 838 552 898 de
569 858 657 898 versu
676 840 822 913 explicavi
840 843 872 899 in
891 845 997 902 Aarrcl.
1014 846 1111 923 philol.

74 934 97 983 et
112 922 315 1001 ruodep-vol.
326 920 420 981 xxi.
432 923 503 982 sese.
521 930 549 981 l.
564 943 594 1003 p.
610 920 680 981 169.
722 921 801 983 Nem
821 932 917 1000 poeta,
937 925 1006 985 dnm
1026 918 1112 992 ἀλλὰ

74 1009 241 1081 porticulum
264 1006 366 1081 infert,
384 1009 527 1080 spectavit
549 1008 607 1064 ium
633 1006 820 1081 adsequens
842 999 1009 1088 ἀλγεινῶς.

149 1089 233 1151 Hinc
260 1100 330 1149 netu
357 1092 444 1148 etiem
474 1089 529 1147 illu
556 1091 729 1147 constructio
758 1100 817 1163 est,
851 1112 908 1167 qua
935 1088 1022 1171 ἅμα,
1051 1116 1110 1171 quo
1134 1096 1135 1101 '
1242 1151 1248 1167 ,

9 1161 10 1173 ’
74 1172 139 1233 dues
159 1196 208 1235 res
231 1192 379 1233 nonense
401 1183 450 1231 eut
473 1172 539 1231 fieri
559 1171 718 1254 significari
737 1174 872 1249 vidimus,
892 1177 934 1234 itu
956 1196 1110 1255 cnm'par-

73 1259 173 1331 tieipiit
200 1267 266 1325 unt¹
283 1259 442 1317 coniunctis
469 1278 533 1315 eum
565 1255 680 1331 reliqua
709 1260 840 1317 oratione
869 1266 919 1317 ettt
946 1263 1031 1320 etiont
1060 1264 1110 1338 alt,-

72 1342 185 1418 colotis,
216 1362 295 1416 queo
310 1341 472 1416 dicuntur,
498 1343 698 1416 componitur,
727 1344 812 1416 quasi
839 1340 891 1399 illu
912 1345 1005 1419 ectio,
1034 1366 1110 1419 quae

72 1428 233 1485 continetur
258 1426 432 1500 perticipio,
460 1444 518 1501 per
545 1444 577 1483 te
603 1433 658 1484 etet
681 1433 710 1483 et
733 1428 775 1485 ite
796 1424 911 1485 demum
932 1446 996 1485 cunr
1016 1426 1109 1488 altera

71 1510 277 1583 coniungatur,
309 1509 401 1566 veluti
432 1507 510 1582 apud
539 1505 721 1567 Herodotum
753 1509 831 1585 qued
863 1509 971 1585 legitur
1001 1512 1051 1571 lib.
1082 1510 1107 1573 l.
1172 1514 1175 1517 ’

71 1612 130 1667 cop.
152 1599 225 1652 179.
251 1583 469 1676 Ὀρόσσοντες
496 1584 566 1670 ἅμα
588 1586 647 1675 τὴν
667 1585 807 1676 τάφρον,
830 1587 1029 1667 ἐπλίνθευον
1048 1592 1109 1679 τὴν

71 1678 125 1759 γῆν
143 1672 179 1737 u*
225 1668 264 1739 ἐκ
284 1674 344 1737 τοῦ
365 1666 551 1757 ὀρύγματος
572 1671 815 1773 ἐκφερομένην,
838 1684 866 1734 et
887 1678 965 1751 apud
984 1679 1110 1739 eundem

71 1759 119 1817 tit.
189 1801 198 1818 .
226 1779 290 1833 cap.
315 1762 365 1816 37.
396 1746 538 1856 ᾕλαυνον
564 1778 643 1832 τους
670 1752 799 1833 ἵππους
827 1749 880 1822 ἀεὶ
908 1758 947 1823 τὸ
973 1754 1108 1843 πρόσω·

72 1838 123 1905 καὶ
143 1838 216 1920 ἅμα
238 1838 491 1921 καταλαβοντες,
511 1832 719 1923 προσεκέατό
739 1860 818 1925 σφι..
838 1852 887 1901 aut
901 1845 931 1902 in
948 1847 1109 1921 participiis

71 1927 205 1984 absolutis
226 1925 304 2000 apud
325 1922 475 1982 Platonem
496 1926 528 1982 in
549 1925 697 1983 Pltnedoce
717 1922 796 1983 Part.
812 1924 851 1985 ll.
866 1928 924 1986 vol.
939 1924 994 1987 lll.
1010 1952 1039 2003 p.
1055 1934 1107 1990 44.

71 2009 113 2067 ed.
134 2008 234 2069 Bell.
254 2030 284 2083 p.
304 2012 357 2067 77.
379 2006 417 2065 B.
443 2006 490 2069 ed.
512 2006 552 2065 Η.
577 2005 682 2082 Steplr.
713 1996 784 2069 ἀλλ’
809 2000 857 2072 ε”τι
880 2007 1062 2093 ἐνέστηκεν,
1086 2002 1107 2076 ό

70 2094 122 2154 νῦν
152 2088 194 2177 δὴ
219 2088 331 2173 Κέβης
359 2084 469 2168 ἔλεγε,
499 2087 538 2151 τὸ
567 2091 632 2152 τῶν
660 2086 810 2160 πολλῶν,
842 2086 937 2167 ὅπως
961 2090 1007 2177 μὴ
1036 2089 1108 2169 ἅμα

70 2167 342 2259 ἀποθνήσκοντος
366 2166 641 2255 τοῦ·οἰν3ρώπου
668 2170 939 2236 όιασκεόαννῦτοιι
966 2166 985 2259 ἦ
1017 2173 1108 2260 ψυχὴ

70 2255 127 2320 καὶ
146 2249 231 2341 οὔτῇ
250 2258 310 2321 τοῦ
331 2246 417 2319 εἶναι
434 2257 533 2321 τσῑτο
552 2252 647 2330 τέλος
660 2244 705 2337 gi,
726 2276 784 2332 qua
805 2256 842 2314 da
864 2260 1108 2336 recenserentur,
1181 2270 1185 2277 '

70 2362 145 2415 queo
163 2344 279 2416 scripsit
298 2338 338 2399 G.
361 2338 569 2399 Stallbautnins
590 2339 626 2398 ad
649 2337 783 2399 Platonis
804 2340 909 2399 Pltilelt'.
933 2362 963 2416 p.
985 2346 1057 2415 4148.

149 2422 267 2485 Deinde
287 2424 456 2485 adverbium
470 2419 552 2500 ἅμα,
575 2425 658 2499 quusi
672 2430 749 2499 esset
764 2422 907 2498 ‹ptreedam
918 2429 1108 2501 praepositio,

69 2511 156 2567 etium
168 2510 203 2569 ud
214 2530 315 2568 cesum
326 2509 453 2567 dativum
465 2506 630 2567 adiunctum
643 2517 696 2582 est,
711 2514 744 2566 nt
756 2507 951 2568 condicionem
963 2511 1017 2585 rei,
1031 2531 1107 2585 qnae

68 2594 127 2651 iem
137 2595 202 2669 ipsc
214 2593 312 2652 dativo
327 2591 514 2665 indiceretur,
527 2593 686 2659 accuratius
701 2590 884 2667 describeret,
899 2616 954 2653 nec
963 2594 1048 2653 illum
1060 2614 1107 2653 ce·

68 2696 131 2733 enm
150 2687 265 2754 regeret
281 2678 392 2751 ipsum,
411 2676 465 2736 sed
487 2677 515 2735 ei
537 2678 634 2749 potius
655 2678 802 2735 notionem
816 2698 923 2737 novem
936 2678 1045 2738 addens
1059 2698 1107 2737 co-

67 2762 231 2819 mitaretur.
271 2757 323 2819 Sic
344 2761 436 2837 igitur
456 2760 489 2818 iu
509 2760 561 2819 illo
581 2760 646 2818 luco
669 2748 823 2835 Herodoti,
843 2765 895 2837 qui
917 2774 960 2821 eet
980 2763 1032 2821 lib.
1049 2758 1106 2821 Vl.

65 2865 132 2918 cap.
150 2848 222 2901 118.
247 2842 358 2920 Δᾶτις
371 2839 409 2907 δὲ
430 2836 657 2924 πορευόμενος
677 2838 748 2943 ἅμα
769 2844 816 2927 τῷ
839 2844 970 2928 στρατῷ
993 2842 1028 2919 ἐς
1047 2842 1107 2928 τὴν

61 2917 197 3009 Ἀσίην,
225 2919 302 2989 ἕπετ’
327 2946 362 2989 τε
391 2922 518 3006 ἐγένετο
548 2922 582 2989 ἒν
603 2926 766 3008 Μυκόνῳ,
798 2916 865 2989 eide
892 2920 977 3009 όψιν
1003 2924 1037 2991 ἐν
1057 2929 1106 3010 τῷ

64 3004 188 3093 ὕπνῳ,
217 3010 267 3068 ulri
293 3003 519 3092 πορευόμενος
547 3008 594 3091 τῷ
624 3009 756 3090 στρατῷ
787 3029 842 3081 per
870 3031 901 3068 se
926 3012 984 3069 dici
1012 3014 1108 3083 potnit

64 3092 168 3152 eudem
192 3092 293 3165 modo,
314 3114 373 3167 quo
393 3090 495 3151 Latini
520 3094 579 3165 ipsi
600 3110 718 3165 qnoque
738 3090 826 3150 locuti
850 3105 931 3161 sunt,
959 3112 1046 3167 quem
1070 3092 1108 3155 ud

65 3176 183 3236 modum
201 3176 333 3251 exempli
352 3178 447 3251 gratia
467 3174 501 3235 G.
521 3172 630 3235 Caesar
649 3174 713 3232 bell.
730 3174 805 3233 cinit.
826 3176 877 3233 lib.
896 3172 950 3234 lll.
972 3194 1035 3249 cup.
1056 3181 1106 3235 30.

65 3264 229 3338 Porrpetn'r,
258 3262 373 3335 inquit,
398 3261 526 3319 ontuiluu
545 3263 635 3337 copiis
657 3258 696 3318 ud
716 3260 910 3335 Αορονορῐοοι
931 3258 1107 3330 nprrtractt-

63 3363 165 3402 norum
189 3349 341 3421 meae„
369 3344 422 3404 eod
448 3354 544 3403 tomen
571 3364 630 3418 qno
651 3343 737 3401 modo
758 3341 852 3401 istud:
881 3332 1108 3421 πορευόμενος

63 3426 110 3506 τῷ
132 3427 282 3511 στρατῷ,
312 3428 519 3502 explicandum
541 3435 636 3500 esset,
664 3428 823 3485 accuratius
844 3424 1038 3499 significatum
1060 3433 1106 3485 eet
1135 3494 1138 3499 ¹

64 3512 199 3569 adinum
217 3529 290 3571 voce
303 3505 384 3587 ἅμα,
405 3521 437 3570 ut
449 3509 505 3570 lroe
517 3511 670 3585 diceretur,
690 3511 777 3567 istum
792 3530 851 3566 non
865 3508 1036 3583 simpliciter
1048 3508 1106 3569 hoc

63 3596 195 3652 exercitu
215 3596 380 3669 proiectum
403 3614 484 3669 esse,
504 3595 558 3655 red
578 3597 620 3652 ite
641 3595 739 3668 etiam,
761 3601 793 3651 ut
812 3612 869 3650 nnn
892 3602 920 3649 et
945 3593 1055 3652 milites
1076 3600 1128 3652 et.

62 3674 124 3735 dux
149 3678 421 3754 proiiciteerentnr,
453 3678 533 3753 quod
559 3678 667 3736 dictum
692 3689 753 3734 est:
786 3668 1013 3760 πορευόμενος
1033 3669 1106 3753 ἅμα
1200 3682 1211 3701 “

59 3760 109 3841 τῷ
138 3760 284 3847 στρατῷ.
333 3760 438 3838 Atque
456 3765 510 3823 sie
536 3762 591 3819 illu
618 3758 791 3834 explicanda
820 3768 904 3835 snat,
934 3776 1010 3833 qnae
1037 3766 1107 3817 sunt

60 3842 142 3915 apud
166 3841 296 3904 Graecos
320 3849 477 3921 scriptores
503 3847 768 3919 frequentisenma:
798 3837 869 3923 ἅμα
895 3844 937 3929 τῇ
966 3833 1106 3927 ἑσπέρᾳ,

60 3921 135 4004 ἅμα
155 3927 204 4011 τῷ
226 3921 320 4012 ἔαρι,
347 3924 420 4008 ἅμα
441 3929 489 4013 τῷ
509 3924 620 4014 θέρει,
643 3921 714 4006 ἅμα
735 3928 776 4009 τῇ
795 3926 949 4006 χειμῶνι,
976 3933 1006 3985 et
1029 3946 1106 3999 qnae

9 4025 10 4039 ²
58 4019 129 4068 aaut
147 4011 271 4087 siurilia,
291 4014 381 4072 etiam
399 4014 473 4073 iilud
494 4006 566 4091 ἅμα
580 4007 705 4093 γέλωτι,
728 4010 807 4085 quod
822 4030 847 4068 e.
860 4028 890 4083 g.
905 4008 1013 4083 legitor
1028 4006 1107 4082 apud

60 4088 250 4155 Plutarchum
277 4097 313 4155 in
341 4100 411 4155 Vita
435 4098 567 4155 Gttceurie
587 4116 651 4170 cup.
675 4101 725 4152 11.
746 4114 777 4169 p.
799 4098 872 4151 712.
901 4092 948 4150 ed.
968 4088 1105 4150 Francos.
1192 4142 1198 4151 .

58 4173 211 4258 Λέγεται
242 4174 282 4243 de'
314 4214 353 4225 -
385 4174 465 4255 τοὺς
495 4172 648 4262 ἑταίρους
679 4171 750 4253 ἅμα
782 4169 900 4257 γέλωτι
932 4169 988 4237 καὶ
1020 4169 1106 4251 μετὰ

59 4258 204 4337 παιδιᾶς
230 4294 276 4307 —-
302 4256 409 4346 φάναι
437 4254 521 4333 uei„
556 4262 634 4337 quod
666 4260 722 4320 etsi
751 4259 832 4318 reddi
862 4259 969 4332 poterit
996 4254 1105 4317 Latine

56 4349 239 4416 perierunt,
266 4354 362 4405 tamen
384 4366 439 4421 per
459 4366 491 4405 se
510 4348 604 4423 magis
625 4343 710 4405 effert
731 4342 819 4421 illud,
840 4344 1023 4406 coniunctam
1043 4361 1105 4401 rent

104 4424 146 4487 ll.
874 4433 894 4487 7
