2850 4842
206 744 208 749 ·
315 728 435 807 quidem
455 722 591 803 Achaeos
618 723 757 786 adcenso·
784 743 867 800 esse,
893 719 946 782 sed
972 720 1055 782 allud
1080 742 1201 797 pmrsns
1223 720 1362 785 Attidem

225 830 226 835 ’
315 814 431 889 secisse,
451 830 557 885 nempe
576 810 604 869 ei
622 809 808 885 displicuisse
829 808 983 867 consilium
995 803 1142 884 Chrysae,
1159 810 1202 866 ite
1217 816 1250 866 nt
1265 805 1364 873 ἐπευ-

263 958 269 969 ,
316 890 475 981 φήμησαν
496 895 574 952 inter
587 902 616 952 et
638 884 698 956 οὐκ
715 925 758 939 -
775 886 895 975 ἥνδανε
911 890 1073 949 intercedat
1085 894 1246 968 oppositio,
1266 913 1364 966 neque

316 979 412 1039 solnm
433 980 553 1035 omnino
569 996 644 1050 quae
663 976 741 1034 facta
759 978 821 1034 sint
839 973 1016 1049 declaretur,
1041 994 1145 1035 verum
1167 978 1258 1034 etiem
1276 998 1364 1049 qoem

317 1063 353 1122 ad
373 1060 491 1119 modum
512 1081 556 1132 ee,
579 1079 654 1134 quae
673 1059 750 1117 lacte
764 1060 836 1133 sint,
856 1060 935 1116 inter
948 1078 980 1117 se
993 1060 1055 1118 sint
1067 1062 1209 1132 opposita.
1255 1052 1365 1119 Contra

316 1144 463 1206 interdum
491 1146 580 1202 etiam
609 1146 643 1201 in
671 1144 710 1202 iis
739 1143 831 1216 locis,
859 1142 910 1200 ubi
935 1140 1010 1199 hanc
1037 1145 1201 1217 graviorem
1228 1153 1260 1201 et
1282 1146 1364 1218 qnasi

315 1232 464 1288 internam
493 1247 593 1287 retum
623 1228 839 1301 oppositionem
875 1227 1108 1301 exspectaveris,
1151 1223 1257 1284 Graeci
1289 1245 1365 1301 «qnae

315 1313 393 1372 lecte
413 1314 472 1370 sint
493 1309 640 1369 declarare
654 1309 824 1385 simpliciter
834 1309 1009 1384 maluerunt,
1030 1329 1119 1383 quam
1132 1311 1231 1368 verbis
1245 1310 1365 1383 quidem

220 1454 228 1461 ,
316 1398 387 1472 ipsis
408 1398 556 1471 internam
569 1396 668 1469 istem,
689 1413 778 1467 quam
791 1392 865 1467 dixi,
885 1413 985 1452 rerum
997 1395 1211 1468 oppositionem
1224 1394 1366 1468 indicare,

317 1480 408 1541 veluti
429 1482 461 1539 in
481 1480 534 1539 illo
555 1474 709 1554 Sophoclis
729 1476 794 1536 loco
815 1475 852 1535 de
870 1479 1016 1553 Arrttponc
1039 1497 1069 1538 v.
1090 1482 1132 1536 26
1153 1498 1220 1553 sqq.

506 1594 562 1653 Τὸν
579 1595 603 1651 d
625 1596 730 1659 <telles
745 1592 870 1652 θανόντα
886 1600 1076 1659 Πολυνείκους
1091 1599 1174 1653 νέκυν

501 1666 614 1721 ἀστοῖσί
629 1682 717 1738 φασιν
734 1668 935 1737 ἐκκεκηρῦχθαι
953 1662 983 1720 τὸ
999 1664 1040 1735 μὴ

502 1732 581 1806 τάφῳ
599 1730 732 1817 κρλὺψατ,
750 1735 822 1817 pepli
839 1736 966 1787 κωκῦσαί
981 1752 1050 1802 τινα,

503 1800 595 1877 seso*
616 1807 762 1870 ακλαυτον,
783 1820 903 1871 ατααον,
923 1805 1033 1863 οἰωνοῖς
1047 1799 1153 1871 γλυκὺν

502 1868 648 1943 θησαυρὸν
667 1874 797 1942 εἰσορῶσι
815 1868 885 1944 πρὸς
897 1865 984 1945 χάριν
1001 1874 1106 1943 popae,

322 1987 371 2047 nbi
397 1987 424 2046 si
451 1990 539 2061 poete
558 1982 704 2051 dixisset:
744 1974 815 2045 ἀλλ’
839 1979 898 2069 lev
924 1970 1103 2055 disiectos,
1130 1971 1265 2068 τ’ἱταφον
1293 1980 1370 2057 καὶ,

320 2073 411 2129 etiem
430 2072 578 2129 internam
597 2068 690 2143 illem,
710 2086 907 2142 quamsaepe
927 2067 1003 2141 dico,
1024 2068 1220 2142 oppositionis
1241 2072 1305 2127 vim
1317 2090 1370 2128 ex·

320 2156 494 2230 pressisset,
515 2155 556 2211 sic
579 2158 708 2227 tentum,
735 2170 811 2226 quae
833 2151 1015 2227 factasunt,
1041 2150 1214 2226 simpliciter
1234 2154 1318 2211 inter
1338 2174 1369 2211 se

321 2239 462 2313 opponit,
491 2243 524 2294 nt
552 2238 604 2294 isti
631 2238 823 2310 interpretes,
855 2236 907 2308 qui
934 2234 1107 2309 simpliciter
1136 2230 1174 2297 δὲ
1199 2249 1256 2309 ¹pro
1283 2228 1370 2299 ἀλλὰ

321 2324 449 2397 positum
478 2340 543 2380 esse
570 2317 727 2394 dixerunt,
756 2316 946 2379 vehementer
956 2320 1078 2377 ‘'enent.
1121 2315 1182 2378 Sed
1200 2320 1238 2377 de
1257 2317 1317 2378 lrac
1337 2340 1370 2379 re

322 2405 402 2463 infre
434 2402 549 2463 dicendi
577 2402 657 2461 locus
690 2403 762 2477 erit,
793 2402 844 2460 nbi
876 2400 913 2460 de
941 2401 1085 2476 particula
1112 2397 1150 2464 δὲ
1177 2408 1297 2477 agetur,
1331 2402 1371 2461 ad

322 2508 354 2561 p.
368 2488 435 2544 58.:
457 2492 589 2547 revertor
604 2504 650 2561 eo,
669 2484 748 2543 unde
764 2483 912 2559 digressus
929 2489 1020 2544 sum.¹
1045 2483 1124 2545 Nam
1137 2484 1227 2546 aliam
1239 2483 1371 2547 Homeri

322 2569 428 2647 locum,
450 2572 503 2644 qui
523 2568 632 2645 legitur
652 2568 762 2628 Ilicem
783 2567 837 2629 lib.
857 2565 937 2628 XV.
954 2590 983 2630 v.
1006 2572 1048 2628 88
1067 2589 1137 2643 sqq.

820 2678 893 2735 Οὐδὲ
911 2680 966 2753 μὲν
975 2677 1081 2749 Ἕκτωρ

488 2752 594 2820 μίμνεν
613 2746 655 2805 ἐνὶ
676 2743 781 2820 Τρώων
797 2743 893 2821 ὁμάδῳ
912 2745 988 2804 πύκα
1006 2744 1193 2821 θωρηκτάων·

488 2816 544 2869 ἀλλ’
565 2813 625 2871 ὥστ’
648 2814 773 2891 ὀρνίθων
788 2821 927 2887 πετεηνῶν
944 2816 1032 2880 αἰετὸς
1045 2820 1137 2873 αἴθων

455 2892 459 2899 ’
489 2886 573 2947 ἔθνος
591 2886 751 2960 ἐφορμᾶται
768 2885 833 2954 ml„

324 2990 429 3050 rectius
460 2985 530 3050 chr.
555 2986 632 3066 (iod.
655 2987 810 3049 Solriitzius
840 2990 873 3048 in
899 2993 1017 3050 Hemtct
1038 2994 1216 3069 Hoopeoeesi
1238 2992 1370 3053 doctrino

317 3072 532 3154 'particularum
548 3074 661 3149 liopooe
680 3076 816 3144 Graecae,
832 3092 922 3147 quem
936 3076 970 3132 in
988 3077 1138 3148 epitomen
1154 3075 1282 3153 redegit,
1295 3098 1326 3151 p.
1339 3085 1370 3135 2.

325 3157 451 3235 accepit,
474 3176 563 3232 qnam
577 3154 795 3231 Hoogeveenus
815 3159 891 3230 ipse.
932 3154 1054 3217 Etenim
1073 3154 1192 3238 μίμνεν
1211 3169 1243 3219 et
1263 3156 1373 3243 ἐφαρ-

324 3242 431 3321 μᾶται
452 3260 507 3316 per
525 3242 697 3315 particulam
717 3229 805 3303 ἀλλὰ
824 3241 904 3299 inter
923 3259 955 3299 se
976 3244 1174 3318 opponentem
1195 3252 1229 3301 ut
1249 3246 1372 3321 negatio

326 3333 357 3384 et
379 3322 560 3399 adfirmatio,
581 3344 636 3384 nee
657 3320 694 3387 δὲ
711 3323 866 3399 particule,
886 3343 962 3398 quae
981 3346 1069 3385 versu
1090 3325 1207 3385 demum
1226 3331 1301 3386 694.
1327 3328 1372 3386 le·

326 3408 414 3483 gitur,
432 3410 466 3465 in
484 3408 598 3469 verbis:
619 3402 677 3470 τὸν
697 3402 834 3481 delete
853 3398 937 3471 ὦσεν
949 3395 1097 3471 ὄπισθεν
1108 3404 1184 3481 xci„
1205 3410 1374 3485 quidquam

324 3488 382 3550 linc
409 3489 490 3551 fecit.
530 3489 645 3550 Eadem
664 3509 766 3549 censsa
786 3499 831 3548 eet
850 3493 941 3549 etiam
958 3487 1174 3565 Xenophontei
1194 3494 1277 3553 illins
1301 3493 1374 3569 loci,

327 3594 415 3648 quem
459 3576 606 3635 etivernnt
631 3594 671 3635 ex
692 3574 852 3650 Disciplina
875 3576 943 3647 Gyri
964 3575 1016 3635 lib.
1036 3572 1110 3636 Vll.
1132 3596 1194 3651 cap.
1215 3584 1244 3635 l.
1265 3581 1294 3650 §.
1319 3582 1374 3636 16.

326 3652 396 3720 Καὶ
424 3594 458 3720 61⁸
470 3643 684 3743 Ἀβραδάτας
715 3645 833 3735 εἶπεν·Δ
864 3646 971 3721 Ἀλλὰ
1000 3652 1043 3720 τὰ
1068 3654 1135 3759 μὲν
1161 3650 1245 3723 ’καθ’
1278 3651 1375 3743 ἡμᾶς

327 3732 441 3823 ἔμοιγε
468 3738 575 3814 δοκεῖ,
604 3729 631 3803 ὦ
654 3738 762 3821 Κῦρε,
788 3737 899 3814 καλῶς
925 3732 1027 3817 eicco·
1059 3736 1145 3805 αλλὰ
1170 3736 1213 3804 τὰ
1239 3737 1375 3823 πλάγια

325 3818 427 3889 λυπεῖ
445 3844 498 3903 με,
521 3818 575 3887 ὅτι
596 3816 663 3885 xci.
703 3820 751 3881 lbi
773 3825 853 3881 enim
869 3825 1053 3882 enuntiatum
1070 3822 1126 3884 hoc
1144 3822 1240 3889 δοκεῖ
1260 3824 1375 3900 καλῶς

326 3898 412 3986 dictes
437 3909 597 3983 opponitur
622 3924 677 3982 per
699 3906 873 3981 particulam
899 3897 986 3969 ἀλλὰ
1007 3907 1053 3967 illi
1077 3904 1197 3985 λυποῖ,
1223 3908 1303 3984 qnod
1325 3929 1374 3968 se·

326 3993 443 4066 quitur,
474 3998 504 4051 et
530 3993 572 4050 sic
595 3990 703 4065 reliqui
727 3988 786 4047 loci
809 3989 896 4049 multi
918 3990 1007 4048 etiam
1029 3994 1203 4066 scriptorum
1223 3994 1372 4067 pedestris

325 4077 475 4141 orationis,
492 4073 658 4151 explicandi
688 4080 782 4132 erunt.
830 4070 931 4133 Unum
959 4072 1049 4133 eddo:
1078 4094 1139 4133 non
1169 4096 1257 4151 posse
1281 4079 1372 4135 nobis

326 4162 436 4232 opponi
459 4158 531 4219 tales
552 4160 647 4233 locos,
673 4158 726 4215 nbi
744 4157 819 4230 ista,
839 4176 927 4232 quam
950 4155 1031 4231 dice,
1054 4161 1202 4233 oppositio
1224 4180 1284 4219 non
1304 4167 1373 4217 tanss

238 4298 248 4309 ,
326 4246 430 4313 tepere
450 4250 589 4317 sppsreet
609 4250 640 4299 et
659 4244 758 4300 minus
770 4241 835 4299 sub
855 4240 953 4301 oculos
972 4241 1065 4301 cedat.
1106 4240 1208 4302 Facile
1227 4246 1307 4303 enim
1321 4246 1372 4301 in-

327 4328 412 4377 terna
433 4323 496 4391 ists*
510 4324 656 4397 oppositio
670 4342 710 4382 ex
723 4329 784 4382 toto
795 4323 859 4383 loco
872 4326 994 4399 eruitur,
1015 4327 1043 4385 si
1055 4325 1172 4400 quando
1184 4329 1371 4403 verbisipsis

325 4404 422 4461 minus
446 4405 485 4462 sit
508 4424 666 4482 expresse,
687 4405 823 4475 velutin
840 4408 894 4467 illo
916 4405 1127 4481 Demosthenis
1147 4409 1226 4487 loco,
1250 4413 1305 4488 qni
1325 4418 1374 4470 eet
