2850 4842
255 560 258 567 .
289 502 352 569 232
764 490 860 584 γάρ.
965 543 971 548 -

291 677 506 747 exponeretur,
534 674 566 729 ut
592 688 664 728 vera
685 664 844 743 particulae
871 666 918 724 rio
945 682 979 724 ac
1005 670 1110 723 natura
1134 665 1333 730 obsonaretur

238 816 243 829 ,
291 757 409 831 potius,
441 770 529 828 quant
559 751 758 827 expediretur.
810 748 994 811 Raeticanunc
1026 768 1098 808 vero
1131 769 1227 825 nuper
1260 748 1333 810 ller-

292 840 410 914 tungius
437 836 460 896 l.
488 838 509 896 l.
536 837 596 897 rol.
625 833 651 895 l.
680 856 710 911 p.
741 835 802 894 457
826 852 894 907 sqq.
922 831 958 891 de
984 850 1056 890 vera
1080 834 1113 891 ri
1137 853 1171 892 ac
1194 840 1333 909 potestate

292 916 380 981 huius
409 920 568 999 particulae
598 920 806 993 existumavit,
841 918 895 990 qui
922 934 1011 990 quom
1036 918 1124 974 ceteri
1149 917 1214 976 lere
1238 936 1331 995 gram·

292 1005 407 1078 matici,
439 1004 489 1077 qui
517 1001 663 1062 vidissent
695 998 758 1084 γὰρ
788 1002 966 1074 saepissume
991 1000 1025 1057 in
1052 998 1211 1086 reddenda,
1225 1018 1341 1075 oanan,

293 1108 383 1163 qnam
413 1087 452 1144 ob
483 1105 547 1143 rem
579 1084 691 1167 aliquid
724 1086 767 1143 ita
797 1103 862 1143 sese
885 1082 1016 1142 <baberet
1044 1102 1133 1156 quem
1159 1082 1332 1142 admodum

293 1170 452 1245 diceretur,
479 1171 631 1245 usurpari,
660 1188 726 1230 eam
753 1166 996 1243 significationem
1016 1166 1212 1225 obtinuissent
1229 1170 1265 1225 in'
1281 1187 1334 1225 ex·

185 1248 187 1257 ’
292 1252 429 1330 plicando
459 1252 621 1327 particula,
655 1258 688 1310 ut
720 1249 851 1310 dicerent
882 1270 948 1309 eam
975 1249 1040 1309 fere
1071 1270 1137 1308 oum
1166 1253 1334 1309 nostratium

294 1338 367 1395 δοται
391 1341 441 1394 aut
461 1334 637 1394 Latinorum
666 1354 734 1395 com
760 1332 990 1409 componendam
1018 1352 1100 1408 esse,
1127 1336 1336 1410 qum-,signi-

293 1418 460 1479 ficationem
485 1439 542 1478 usu
571 1416 689 1495 quidam
717 1419 817 1476 multis
844 1420 876 1477 in
904 1418 976 1477 locis
1002 1426 1099 1475 nacta·
1113 1425 1175 1492 est,
1206 1417 1259 1484 sed
1279 1438 1334 1475 non

294 1501 457 1567 naturalem
486 1501 587 1560 babuit
610 1504 668 1561 iata
693 1499 851 1576 particula,
884 1502 998 1560 exstitit
1026 1497 1140 1575 diceus,
1166 1500 1334 1575 particulam

292 1588 364 1648 'vera
385 1606 418 1643 ao
439 1585 565 1645 naturali
584 1588 615 1644 vi
635 1605 689 1645 sua
711 1588 842 1643 minume
864 1603 1011 1658 caussam,
1043 1604 1095 1642 cur
1115 1584 1232 1658 aliquid
1251 1592 1334 1659 esset,

294 1667 435 1743 indicare,
459 1669 512 1728 scd
533 1667 767 1727 adfirmationem
786 1670 884 1742 potius
905 1676 935 1726 et
953 1666 1167 1726 conclusionem
1180 1670 1213 1726 iu
1227 1688 1259 1728 se
1271 1688 1335 1726 coa·
1365 1711 1370 1723 .

294 1754 402 1827 tinere,
424 1754 535 1827 quippe
559 1772 634 1826 quae
656 1762 725 1813 nata
747 1760 825 1810 esset
849 1771 888 1809 ex
908 1750 1057 1826 particulis
1070 1747 1107 1832 γὲ
1119 1760 1149 1809 et
1161 1739 1239 1831 ίίρα.
1279 1749 1334 1823 lta·
1415 1811 1417 1814 ,

295 1856 353 1910 que
379 1837 404 1893 si
429 1839 578 1911 sequimur
600 1836 858 1911 originemipsam
881 1855 915 1892 ao
936 1842 1069 1892 naturam
1088 1834 1247 1907 particulae
1266 1827 1334 1919 γάρ,

293 1917 349 1983 hoo
377 1918 483 1979 dicitur
507 1920 666 1981 coniunctis
696 1921 760 1977 istis
785 1918 952 1992 particulisc
981 1937 1052 1975 sacto
1076 1936 1129 1993 pro
1154 1918 1238 1975 rebus
1261 1936 1334 1976 coatt-

294 2008 424 2081 poratts,
454 2022 487 2061 ao
517 2005 644 2078 priinum
671 1998 844 2059 adfirmatur
866 2021 912 2059 res
934 2022 989 2075 pro
1012 2007 1154 2074 potestate
1177 2000 1335 2075 particulae

293 2081 348 2185 255,
370 2085 474 2145 deinde
496 2086 625 2145 refertur
647 2083 749 2144 eadem
771 2082 808 2142 ad
828 2085 1164 2157 antecedentiupervim
1181 2084 1334 2158 particulae

222 2194 224 2197 ·
297 2188 374 2252 αρα.
417 2166 452 2228 Si
472 2171 564 2245 igitur
588 2170 691 2227 dicitur
712 2167 842 2242 exempli
862 2170 1011 2244 graticio
1025 2165 1202 2229 Aristotelis
1214 2169 1335 2227 Politioit

243 2257 248 2275 “
293 2250 347 2310 lib.
371 2244 396 2310 l'.
418 2272 480 2327 cap.
502 2261 532 2311 2.
557 2256 586 2325 5.
611 2258 640 2311 3.
663 2250 708 2311 ed.
731 2249 831 2310 Stalrr.
868 2252 948 2325 Τοῖς
973 2247 1034 2327 μὲν
1059 2246 1123 2333 γὰρ
1151 2249 1245 2313 δοκεῖ
1263 2245 1334 2312 icc

295 2326 404 2436 στνὶμη
433 2332 469 2399 τέ
493 2357 545 2411 τις
566 2325 652 2399 εἶναι
672 2326 693 2419 ἡ
717 2328 911 2405 δεσποτεία,
941 2329 998 2396 καί
1025 2324 1035 2351 ‘
1060 2324 1142 2419 αὐτὴ
1164 2326 1335 2411 οἰκονομία

296 2439 353 2482 και
375 2415 554 2481 δεσποτεία
576 2415 632 2480 καί
654 2414 811 2499 πολιτικὴ
835 2412 892 2479 καί
911 2413 1011 2496 βασιλ
1059 2410 1083 2487 ’,
1111 2411 1268 2517 καθάπερ
1287 2407 1334 2476 εἴ·

295 2520 405 2577 πσμεν
436 2492 628 2583 ἀρχόμενοι·
660 2500 733 2573 τοῖς
765 2497 807 2564 δί’
833 2496 929 2583 παρὰ
960 2493 1062 2583 φύσιν
1087 2495 1333 2575 romanoram.
1415 2573 1417 2580 Ι

294 2576 387 2663 νόμῳ
409 2577 472 2665 γὰρ
493 2578 631 2661 τὸνμὲν
652 2580 772 2645 δοῦλον
792 2572 887 2653 εἶναι,
908 2578 965 2645 τὸν
983 2576 1014 2644 δ’
1028 2575 1216 2664 ἐλεύθερον,
1237 2575 1334 2665 φύσει

295 2654 328 2725 δ’
352 2654 454 2727 οὐδὲν
483 2660 665 2750 διαφέρειν.
693 2655 815 2750 διδπερ
842 2655 921 2729 otei
946 2660 1090 2728 δίκαιον·
1117 2661 1231 2745 βίαιον
1254 2655 1334 2747 peip,

294 2752 421 2821 utroque
441 2747 521 2823 loco,
550 2757 582 2805 ut
603 2756 712 2808 taceam
733 2747 770 2808 de
792 2743 855 2830 γὰρ
875 2748 1036 2823 particula,
1060 2768 1136 2823 quae
1157 2751 1254 2823 primo
1273 2746 1333 2804 loco
1415 2807 1417 2818 ,

295 2827 418 2905 legitur,
438 2832 480 2889 ita
501 2831 633 2890 adfertur
653 2851 755 2891 caussa
775 2835 948 2908 sententiae,
973 2851 1048 2907 quaa
1065 2834 1164 2907 posita
1181 2833 1284 2901 suerat,
1303 2836 1335 2888 ut
1415 2823 1417 2840 '

296 2912 355 2972 alia
375 2933 423 2972 res
445 2913 625 2991 adfirmatur,
645 2916 676 2974 id
697 2915 777 2991 quod
797 2916 832 2975 fit
848 2936 902 2990 per
924 2916 1096 2990 particulam
1108 2911 1154 2997 γε’,
1180 2915 1335 2988 eademque

297 3016 338 3055 ex
360 2997 594 3059 antecedentibus
613 3000 701 3060 rebus
722 3019 777 3073 per
795 2999 969 3073 particulam
989 2991 1056 3084 ἄρα
1076 3002 1162 3073 quasi
1184 2996 1334 3058 derivetur.

296 3076 402 3156 ltaque
429 3084 527 3157 priore
553 3083 618 3145 loco
643 3086 762 3159 proprie
793 3082 849 3141 boo
878 3082 999 3142 dicitura
1036 3084 1113 3143 Aliis
1133 3102 1202 3141 cero
1221 3082 1334 3150 αἰδοίαν,

273 3173 397 3253 ,contro
419 3175 554 3226 acturum
575 3168 826 3227 cseodomicctom
848 3167 1052 3238 (inermos),
1082 3167 1142 3241 tepe
1161 3175 1235 3225 certe
1252 3168 1335 3240 iptter
1415 3231 1417 3246 Ι

285 3248 386 3324 ‚alium
398 3268 509 3309 semitm
521 3270 590 3321 esse,
604 3244 832 3320 oliumliberacm,
848 3257 954 3307 cutura
967 3268 1034 3308 oero
1048 3250 1119 3308 oibil
1134 3248 1257 3322 differre.
1290 3243 1334 3304 Eo
1415 3251 1417 3274 ³

296 3332 392 3407 enim,
423 3333 501 3407 quod
531 3334 699 3392 adlinuatur
723 3352 802 3392 nora
827 3331 970 3407 quaedam
991 3352 1056 3408 ros,
1084 3335 1225 3407 quoniam
1245 3351 1283 3390 ex
1301 3347 1335 3388 ea

222 3420 228 3432 '
295 3412 393 3488 reid,
417 3417 729 3489 quodanteadietum
749 3421 822 3491 erat,
841 3416 1037 3491 conclusione,
1059 3436 1135 3489 quae
1155 3423 1253 3474 tamen
1274 3415 1335 3488 ipsa
1377 3466 1385 3485 ,

226 3530 229 3545 ·
296 3516 358 3554 nou
378 3501 514 3575 ponitur,
539 3500 614 3559 ellici
634 3508 745 3577 potest,
766 3499 953 3564 confirmatur
972 3501 1038 3573 ipsa
1062 3518 1138 3573 quaa
1158 3501 1258 3575 posita
1277 3503 1335 3555 erat

297 3583 461 3657 sententia,
481 3594 583 3658 'quom
613 3586 783 3658 praesertim
810 3586 956 3641 internam
981 3602 1081 3640 earum
1106 3583 1335 3641 enuntiationum

225 3734 228 3739 Ι
297 3666 530 3725 coniunctionem
548 3668 694 3745 significet
711 3666 854 3741 particula
875 3658 952 3749 ἄρα,
974 3686 1033 3739 qua
1054 3668 1119 3740 etsi,
1141 3665 1220 3741 quod
1240 3672 1335 3750 oontm

237 3773 244 3785 ¹
297 3753 531 3825 exspectaveris,
559 3754 643 3826 quasi
670 3751 821 3810 deducitur
843 3770 884 3809 ex
905 3751 998 3825 priori
1023 3752 1166 3809 sententia
1186 3768 1239 3823 ea,
1264 3762 1335 3822 quae
1415 3823 1417 3826 Ι

297 3834 440 3905 sequitur,
463 3848 552 3906 quom
572 3834 625 3891 illa
645 3837 726 3908 prior
746 3837 842 3908 potius
865 3834 901 3892 ab
922 3832 976 3891 hac
994 3835 1158 3907 posteriore
1172 3828 1336 3911 deducenda

297 3933 365 3974 ease
385 3914 527 3989 videatur,
552 3922 646 3974 tamen
667 3919 710 3974 ita
728 3916 854 3992 denique
875 3916 1020 3975 stabilitur
1037 3919 1178 3991 primaria
1196 3915 1251 3974 illa
1270 3932 1334 3972 scu·
1415 3927 1417 3982 ζ

295 3998 403 4071 tentia,
437 3999 515 4073 quod
547 4001 573 4059 si
605 3998 642 4057 ad
666 3995 758 4060 linem
784 4004 872 4061 istam
897 4004 1188 4076 argumentationem*
1206 3997 1332 4066 deducat,

297 4080 415 4141 taudem
443 4102 478 4142 eo
506 4086 677 4160 pervenias,
707 4096 741 4143 ut
765 4105 801 4143 ea
820 4078 1071 4161 argumentatione
1090 4087 1173 4158 prior
1193 4079 1330 4142 sententia

297 4162 449 4225 efficiatur.
490 4165 613 4242 ltaque,
639 4177 670 4225 ut
690 4188 825 4227 maneam
844 4171 878 4227 in
899 4166 1002 4228 eadem
1019 4168 1226 4241 similitudine,
1246 4177 1330 4243 ptam

296 4249 396 4321 posui,
419 4251 452 4306 iu
474 4251 529 4309 illo
551 4248 725 4312 Aristotelis
747 4252 812 4311 looo
832 4250 889 4312 lroc
907 4251 1032 4327 dieitur,
1054 4252 1082 4313 si
1105 4252 1219 4326 plenam
1237 4241 1333 4304 κω·

297 4324 376 4389 deria
390 4335 580 4393 sententiam:
601 4334 809 4410 structorem,
830 4344 1078 4402 macenorum
1091 4354 1151 4396 αα
1164 4326 1334 4396 soum
1415 4363 1417 4430 j
