2850 4842
310 349 355 420 26
801 327 863 404 da.

311 511 398 582 dere·
440 507 485 572 At
505 508 556 569 ille
577 507 663 568 talem
684 524 718 566 se
740 505 919 567 ostendebat.
969 502 1021 564 Ex
1041 506 1123 570 cuim
1144 512 1351 586 mmqmfl,

311 595 473 677 positione,
493 592 608 654 ridetur
626 591 698 668 poni
718 587 894 651 antecedens
909 587 1037 666 aliquod,

667 939 892 1004 CAPUT
933 939 991 1002 m.

309 1079 371 1149 De
407 1073 454 1145 dv
490 1070 718 1165 particule,
750 1085 789 1138 et
819 1066 911 1139 ἄνθ’
946 1061 1080 1151 uiam
1110 1067 1204 1140 ἄνθ’
1240 1068 1347 1144 ὅπου.

200 1259 215 1280 ’
286 1310 288 1319 ,
384 1237 461 1309 ”Aa
496 1244 654 1320 particulae
688 1243 749 1302 mm
789 1236 962 1327 δυνητικὴν
998 1251 1028 1302 et
1064 1231 1348 1328 ἀοριστολογικὴν,

309 1335 331 1392 i.
352 1352 380 1391 e.
398 1329 604 1414 potentialem
624 1335 653 1386 et
674 1321 861 1408 indefinitae
881 1324 1032 1388 orationis
1055 1324 1256 1408 ficariam,
1270 1337 1346 1402 tam·

197 1468 203 1482 .
259 1467 267 1484 .
310 1417 366 1476 etsi
394 1431 495 1472 omnes
522 1413 585 1470 lere
613 1411 790 1488 grammatici
818 1418 993 1485 agnoscunt,
1015 1417 1112 1468 tamen
1136 1431 1238 1469 aarum
1258 1409 1346 1468 saorl-

310 1507 399 1558 tatum
420 1497 504 1556 'velut
529 1498 730 1568 immemores,
759 1492 928 1568 particulam
955 1491 1032 1552 hanc
1058 1493 1090 1550 in
1117 1513 1168 1569 co,
1190 1494 1272 1570 quod
1291 1494 1345 1569 ipsi

309 1584 500 1654 constituunt,
532 1579 745 1653 expletis-anun
776 1584 806 1635 et
835 1595 1115 1650 supervacaneamm
1143 1578 1345 1652 panicularum

310 1685 419 1743 genere
440 1662 596 1721 collocant:
619 1662 699 1720 aicut
720 1668 750 1718 et
767 1660 931 1734 complures
952 1660 1042 1743 alias,
1063 1680 1136 1735 quas
1156 1671 1276 1736 propter
1294 1681 1344 1736 pe·

310 1749 447 1808 culiarern
467 1744 613 1820 quandam
633 1743 891 1818 significationem,
918 1744 950 1801 in
970 1744 1052 1802 nullu
1072 1763 1174 1804 eorum
1194 1765 1343 1822 generum,

308 1835 341 1891 iu
362 1851 436 1906 quae
458 1829 501 1886 illi
522 1821 740 1886 coniunctiones
762 1826 952 1901 distribuunt,
974 1827 1115 1886 collocare
1135 1837 1271 1903 possunt.
1310 1825 1344 1886 ln

309 1935 367 1992 que
388 1934 420 1972 rc
441 1911 512 1987 quid
532 1909 683 1968 absurdius
705 1908 835 1968 accidere
854 1918 967 1985 puteat,
988 1931 1075 1984 quam
1091 1918 1139 1986 ut,
1160 1911 1267 1986 quibrrs
1285 1913 1342 1970 rim

308 1999 435 2073 aliquam
462 2005 491 2053 ct
519 1993 763 2070 significationem
788 1994 934 2068 tribuunt,
960 2013 1011 2052 eas
1037 2014 1099 2052 non
1125 2013 1144 2052 a
1170 1995 1278 2069 potiori
1301 1994 1342 2052 la·

308 2081 429 2153 crrltate,
451 2076 504 2138 sed
525 2097 543 2135 a
563 2075 700 2134 deteriori
725 2075 928 2135 denominant:
951 2078 1083 2152 quamvis
1099 2077 1246 2137 interdum
1263 2098 1343 2153 prae·

308 2173 354 2225 ter
390 2165 437 2223 sui
472 2161 589 2236 generis
624 2159 791 2217 facultatem
827 2167 860 2218 ut
896 2180 1130 2234 supervacaneae
1159 2163 1342 2236 accipiuntur.

307 2246 414 2321 Neque
435 2245 515 2303 euim
532 2243 589 2300 tale
609 2243 845 2301 coniunctionum
864 2261 958 2318 geum
978 2240 1211 2306 constituendum
1230 2256 1294 2321 est,
1312 2247 1344 2304 ia

309 2351 369 2406 quo
390 2345 451 2386 non
463 2326 530 2384 'nisi
550 2339 784 2399 supervacaneae
805 2327 963 2400 particulae
984 2328 1175 2404 collocentur,
1203 2349 1279 2405 qnae
1299 2330 1343 2386 iu·

309 2409 451 2472 farciendi
484 2415 595 2466 tantum
630 2410 806 2483 orationem,
833 2417 863 2468 et
890 2411 975 2485 quasi
1000 2413 1090 2472 ranae
1116 2414 1181 2472 eiua
1206 2411 1343 2488 explendi

310 2493 435 2558 efficitua
456 2499 612 2567 praestent.
659 2489 737 2552 Nam
758 2511 831 2566 quas
849 2493 895 2552 illi
915 2490 1274 2580 παραπληρωματικὰς
1294 2517 1342 2555 ro·

310 2586 398 2653 cent,
418 2596 507 2652 quum
530 2596 584 2649 pro
612 2574 728 2634 diversa
751 2595 852 2660 aarum
878 2575 1106 2653 significatione,
1128 2579 1186 2636 alia
1210 2580 1249 2640 ad
1267 2578 1345 2638 uliud

310 2661 544 2722 eunirrnctiouum
569 2677 663 2734 genus
688 2659 846 2734 pertineat,
871 2661 1077 2735 propriamque
1103 2661 1344 2739 significationem

303 2748 358 2823 ,aui
382 2744 499 2821 &neria
525 2761 719 2816 unaquaeque
745 2739 866 2815 lrabeat,
894 2742 973 2819 quaa
997 2744 1044 2802 illi
1069 2745 1156 2804 etiarn
1177 2745 1343 2822 impruden·

310 2839 355 2890 tec
385 2829 525 2900 fatentur,
556 2825 624 2884 dum
653 2823 822 2900 particulam
858 2815 899 2888 ilc
930 2827 1052 2902 eiusque
1083 2819 1272 2906 συνώνυμον
1298 2823 1344 2900 κε’,

311 2912 363 2974 rel
388 2907 458 2982 κέν,
484 2917 513 2968 et
539 2909 611 2968 aliua
640 2905 798 2983 praedam,
820 2928 893 2983 quaa
912 2909 990 2969 iuter
1008 2911 1172 2985 expletivae
1192 2913 1343 2988 collocant,

310 2995 344 3058 in
376 2994 441 3054 eliis
472 2991 559 3052 etiam
588 2992 745 3067 generibus
775 3001 939 3052 recensent.
998 2990 1219 3072 Nonnunquam
1244 3005 1342 3054 tamea

310 3077 388 3154 apud
417 3081 564 3148 auctores,
595 3069 625 3133 et'
654 3075 825 3150 praesertim
856 3078 976 3150 poitus,
1008 3085 1144 3154 ornatus,
1169 3079 1234 3139 sive
1261 3079 1343 3138 metri

309 3163 419 3238 matie,
448 3179 503 3221 sua
533 3156 658 3216 nudatae
684 3157 898 3233 significatione
927 3161 1116 3233 accipiuntur.
1160 3158 1226 3222 Nec
1251 3161 1342 3222 sulum

309 3247 345 3308 als
372 3264 432 3304 uno
457 3261 566 3320 genero
594 3241 828 3300 coniunctionum
853 3243 886 3300 iu
913 3241 993 3301 aliud
1012 3243 1170 3304 nonnullas
1189 3245 1343 3320 particulas
1373 3313 1377 3317 ,

308 3328 504 3398 amalorum,
531 3323 585 3386 scd
612 3345 652 3384 ex
681 3325 828 3384 adverbiis
854 3326 941 3384 etiam
966 3345 1071 3402 rocca,
1098 3327 1171 3387 alies
1197 3330 1342 3404 proprian

309 3419 340 3470 at
362 3409 538 3484 peurliarem
563 3405 704 3466 habentes
732 3407 990 3484 significationem,
1015 3411 1093 3471 iuter
1113 3431 1164 3473 πα
1187 3408 1342 3495 «nippa-

308 3485 453 3571 μανικὰς
482 3492 700 3552 coniunctiones
734 3489 904 3568 traducunt,
926 3501 959 3551 ut
986 3479 1045 3567 αὖ,
1076 3493 1132 3553 adr
1185 3495 1246 3554 ium
1274 3503 1341 3554 tcm-

308 3577 404 3652 puris,
431 3583 460 3635 et
485 3567 569 3646 ποὺ,
597 3575 707 3648 locale,
734 3593 787 3633 seu
814 3575 1022 3651 coniecturale,
1050 3585 1080 3635 et
1101 3573 1202 3660 δῆτα,
1227 3596 1341 3640 essere·

307 3660 410 3736 nuti,
435 3668 464 3718 et
491 3658 564 3719 eliae
584 3657 757 3718 nonnullas.
794 3655 835 3719 Et
854 3660 913 3735 sio,
933 3657 966 3718 id
985 3658 1064 3734 quod
1084 3660 1204 3720 vocibus
1225 3661 1341 3736 quibun-

306 3741 374 3804 dam
403 3744 583 3802 diverseuuu
609 3741 734 3814 partium
759 3743 897 3802 orationis
924 3743 1042 3818 accidit,
1067 3752 1100 3802 ut
1125 3743 1262 3805 videlicet
1281 3751 1341 3802 ten·

195 3877 201 3892 .
255 3878 263 3897 .
306 3847 395 3906 quam
415 3825 581 3902 expletivae
603 3829 632 3882 et
656 3842 890 3900 supervacaneae
912 3826 1069 3902 aliquando
1090 3828 1284 3902 accipiantur,
1302 3823 1341 3898 id,

306 3928 341 3970 ac
369 3911 396 3969 si
422 3929 514 3968 unum
534 3904 678 3982 quoddam
699 3928 794 3985 genus
815 3918 911 3986 esset,
931 3911 963 3968 in
984 3910 1071 3972 anim
1093 3911 1219 3988 partium
1238 3909 1341 3972 oratio-

306 3991 354 4052 nis
374 3991 492 4051 modurn
512 3989 658 4066 redigunt·

389 4071 482 4134 Porro
510 4062 551 4135 tta
571 4073 711 4149 particula
732 4071 871 4138 omum
890 4070 990 4140 noda
1009 4072 1187 4142 nudamus
1206 4075 1341 4152 ἱπείίῐῐῐν

307 4176 366 4220 uuo
396 4152 592 4239 Imaum
620 4164 753 4236 excepto.
810 4155 961 4242 Optatioo
991 4178 1119 4237 namque
1148 4167 1179 4223 et
1205 4157 1342 4228 Salias·
