2850 4842
497 419 504 461 ·’
566 413 720 502 αὖθις·
1104 430 1168 496 213

43 570 49 587 ι
114 596 252 685 πτῆξαι,
276 590 333 659 καὶ
354 586 517 659 ἀνεθέντα
537 587 640 657 πάλιν
653 583 699 658 orl
710 589 797 675 μέγα
811 595 980 681 φρονῆσαι
993 592 1051 661 καὶ
1065 590 1168 663 πάλιν

116 674 158 747 αὖ
181 666 366 773 πράγᾷιατα
389 679 595 763 παρασχεῖν.,
621 698 668 736 res
689 699 757 739 sese
777 676 876 738 hehet.
920 678 1067 742 Particula
1087 687 1167 743 eninr

114 764 218 832 πάλιν
248 785 310 823 renr
341 763 432 821 refert
458 760 496 819 ed
521 756 740 839 errlecedentie‚
771 762 844 822 illud
868 763 947 838 qnod
967 769 1100 841 seqnitur
1123 758 1166 830 αὖ

115 853 236 912 omnino
267 847 304 906 ed
331 845 559 905 vicissitudinem
587 854 709 921 spectet.
754 843 801 905 cf.
828 846 907 920 qnod
929 848 1038 907 ibidem
1058 850 1166 927 legitur

113 936 166 994 lib.
188 931 230 992 11.
251 952 314 1006 cop.
335 937 366 987 2.
388 934 416 1002 §.
437 935 489 988 28.
512 929 556 989 ed.
581 927 677 1002 Zenn.
707 923 761 991 Ἐκ
783 922 902 992 τούτου
923 925 1025 993 πάλιν
1048 923 1089 995 αὖ
1107 930 1165 997 καὶ

114 1009 319 1096 σκώμματος
339 1002 436 1096 ἦρχεν
457 1005 475 1073 ὁ
495 1014 616 1094 Κῦρος.
659 1010 708 1072 Gl.
724 1010 854 1071 Platonis
865 1014 1016 1072 Politicrror
1027 1013 1107 1076 Part.
1121 1015 1164 1077 ll.

114 1100 174 1160 rol.
198 1096 241 1158 ll.
269 1119 299 1174 p.
321 1099 394 1155 253.
421 1096 466 1155 ed.
489 1093 590 1155 Beltk.
610 1118 640 1171 p.
662 1103 736 1155 261.
760 1093 804 1156 A.
826 1096 872 1155 ed.
893 1094 935 1155 H.
956 1094 1060 1173 Steph.
1097 1091 1164 1163 Οὖ-

116 1184 194 1269 κοῦγ
225 1215 270 1227 -
300 1170 391 1241 τοῦτ’
424 1173 504 1243 αὐτὸ
535 1172 638 1243 πάλιν
666 1170 707 1243 αὖ
735 1178 878 1283 διαιρεῖν
904 1172 1097 1260 ἀναγκαῖον,
1131 1176 1171 1247 ei‘.

116 1289 190 1330 τινα
216 1258 322 1346 τομὴν
350 1255 401 1325 ἔτι
430 1256 546 1343 ἔχομεν
573 1255 778 1327 ὑπείκουσαν
807 1284 842 1327 εν
869 1256 996 1347 τούτῳς
1044 1264 1093 1326 De
1119 1256 1161 1330 nd

119 1342 221 1415 πάλιν
242 1348 320 1408 conl.
342 1344 496 1423 Sophoclis
522 1346 655 1405 Trachin.
676 1368 706 1408 v.
732 1352 823 1408 1078.
845 1345 891 1407 ed.
911 1344 1016 1410 Hem.

326 1518 342 1539 „
519 1522 526 1541 .
580 1462 716 1515 Actrcuc
733 1459 789 1539 γὰρ
806 1450 843 1517 αὖ
859 1456 952 1529 πάλιν,

325 1530 456 1594 artaxer,
475 1526 642 1601 ἐξωρμηκεν.
684 1536 686 1542 ”

533 1690 746 1779 Αὖθις.
821 1744 825 1752 -

199 1838 338 1925 Αὖθις,
364 1846 443 1925 qnod
464 1848 582 1911 difficile
603 1851 682 1912 dictu
701 1859 747 1914 est
767 1859 862 1913 utrum
884 1840 987 1927 αὖθις
1009 1872 1046 1911 en
1068 1840 1163 1928 αὖτις
1180 1854 1277 1926 Αὖθις.

116 1938 258 2012 scriptum
288 1938 326 1994 sit
354 1936 389 1993 eb
416 1930 543 2007 Atticis,
572 1957 630 2013 qne
656 1937 692 1996 de
718 1958 751 1999 re
775 1938 852 2001 conf.
873 1950 988 2012 prester
1008 1958 1057 2010 en,
1086 1957 1163 2009 qrree
1195 1968 1199 1973 ·

117 2022 221 2079 adtulit
243 2018 280 2078 F.
302 2017 459 2077 Ellendtns
480 2021 514 2076 in
532 2024 633 2079 Lecto.
655 2022 786 2099 Soplrocl.
808 2043 839 2097 p.
861 2022 923 2091 258
946 2042 1002 2097 sq,
1026 2019 1072 2094 G„
1086 2018 1164 2079 Din-

110 2105 228 2177 dorlins
253 2104 290 2161 ed
316 2100 527 2177 Aristophanis
553 2106 628 2162 Aves
652 2125 680 2165 v.
703 2112 795 2165 1326.
825 2105 904 2179 (vol.
923 2102 965 2162 ll.
987 2126 1017 2179 p.
1039 2108 1092 2163 79.
1117 2103 1162 2163 ed.

116 2186 203 2265 Lips.
234 2192 362 2262 1830.),
389 2189 442 2246 etsi
465 2188 501 2245 ah
525 2186 626 2246 eedem
650 2190 764 2263 origine
785 2189 949 2263 protectum
968 2197 1029 2261 est,
1056 2195 1163 2262 temen,

108 2284 152 2346 ,nt
175 2278 234 2330 iam
253 2292 344 2346 snpra
365 2270 611 2347 significavimus,
642 2291 660 2328 a
679 2273 824 2347 partiente
848 2258 891 2333 αὖ
914 2272 955 2329 ite
975 2270 1094 2331 differre
1118 2272 1164 2328 vi·

121 2356 211 2431 detur,
233 2365 265 2415 nt
286 2356 380 2433 magis
401 2376 454 2414 nos
474 2356 573 2415 iubent
591 2357 739 2429 respicere
754 2355 790 2414 ad
808 2375 873 2415 eam
887 2373 959 2429 rem,
979 2352 1058 2413 unde
1071 2354 1165 2412 omnis

118 2442 301 2547 repetitionis
323 2437 498 2513 significatio
522 2439 651 2515 prolecta
673 2447 726 2514 est,
747 2441 830 2517 qnasi
850 2447 949 2501 nostre
968 2437 1072 2515 lingue
1085 2437 1166 2497 dices
1271 2439 1275 2450 ‘

119 2546 162 2588 αυ
183 2524 351 2600 signilicere
373 2524 486 2596 winter,
508 2512 610 2597 αὖθις
630 2524 791 2583 lriowiedcr.
836 2520 953 2581 Deinde
977 2521 1080 2581 eodem
1101 2521 1167 2581 fere
1273 2524 1276 2528 ’

118 2608 206 2668 modo
233 2614 406 2682 usurpatum
433 2616 477 2665 est
507 2595 625 2682 αὖθις,
652 2627 741 2685 (prem
768 2605 806 2667 ed
831 2606 949 2669 modum
972 2595 1016 2668 αὗ
1040 2608 1167 2680 positum

119 2714 187 2753 esse
211 2692 393 2750 ostendimus.
439 2690 508 2768 Quo
529 2691 732 2750 breviores'in
751 2690 807 2749 hnc
827 2690 970 2766 pertIcnla
992 2689 1167 2765 explicando

122 2795 189 2835 esse
212 2796 371 2849 pessumus.
414 2770 492 2837 Nam
515 2794 603 2849 quem
625 2776 663 2833 ed
682 2775 802 2840 modum
820 2775 873 2833 ille
894 2774 1048 2850 particule,
1077 2793 1167 2848 quem

123 2860 252 2935 primum
267 2866 337 2917 retro
351 2858 519 2933 significere
533 2858 670 2933 vidimus,
692 2880 764 2917 mox
776 2863 808 2917 in
823 2858 977 2918 indicenda
991 2860 1167 2932 repetitione

121 2941 254 3007 eiusdem
273 2943 317 2999 rei
336 2951 383 3001 ent
403 2942 510 3004 similis
527 2941 598 2999 lecti
618 2950 757 3015 usurpate
775 2952 831 3017 est,
851 2941 953 3001 eodem
972 2941 1058 3001 modo
1079 2943 1168 3000 etiem

120 3016 227 3101 αὖθις
252 3028 379 3101 primum
402 3028 531 3100 positum
556 3034 616 3099 est,
643 3027 685 3082 ite
705 3034 822 3099 temen,
846 3036 878 3083 nt
900 3026 1077 3103 comparatio
1100 3026 1168 3098 ipsa

118 3111 245 3169 duarum
271 3130 387 3186 rerum,
416 3129 492 3182 qnae
518 3106 568 3183 lit,
595 3109 646 3169 ubi
674 3096 715 3169 αὖ
742 3115 793 3164 ent
816 3095 919 3182 αὖθις
940 3108 1048 3181 ponis,
1075 3108 1168 3179 megin

120 3200 270 3275 apparent.
320 3192 370 3252 Sic
401 3196 435 3253 in
467 3188 623 3269 Sophoclis
656 3191 762 3269 Oedipo
792 3190 912 3255 Cotoneo
939 3209 969 3251 e.
1001 3193 1093 3250 1420.
1121 3186 1168 3249 ed.

119 3276 236 3355 Herm,
257 3279 310 3337 uhi
331 3276 401 3337 dicit
420 3273 593 3353 Antigone:
928 3291 930 3298 ¹

337 3411 375 3461 Τί
388 3384 414 3461 o'
434 3396 525 3475 αὖθις,
541 3396 563 3462 ὦ
580 3412 641 3475 παῖ,
662 3405 708 3461 δεῖ
723 3419 755 3461 σε
771 3403 953 3473 doponatur,-

119 3536 217 3609 potutt
243 3530 345 3593 etiam'
358 3530 432 3589 dici:
466 3522 508 3593 Tl
529 3521 558 3591 δ’
583 3516 634 3601 αὖ,
658 3517 685 3589 ὦ
708 3529 788 3598 παῖ,
818 3523 870 3589 dei
890 3544 928 3589 oe
949 3522 1167 3603 θυμοῦσθαις

120 3617 174 3679 sed
196 3626 295 3675 tamen
318 3610 490 3691 Antigonae
510 3614 626 3672 miratio
646 3614 740 3687 magis
763 3619 869 3686 exstet,
890 3611 917 3669 si
938 3608 991 3666 ille
1011 3607 1095 3666 dicite
1126 3599 1169 3669 Ti

121 3692 154 3762 δ’
173 3689 283 3773 αὖθις,
308 3687 335 3760 ὦ
355 3699 430 3771 παῖ,
452 3694 563 3759 δεῖσε
585 3695 794 3773 θυμοῦσθαι,
817 3692 897 3768 qnod
916 3693 1012 3766 eptins
1033 3690 1077 3749 sic
1096 3686 1169 3747 haec

120 3787 342 3858 coniunguntur
370 3803 435 3839 cum
464 3778 720 3854 antecedentibus,
747 3780 800 3838 nbi
825 3780 884 3837 iem
904 3794 982 3850 pene
1004 3774 1168 3848 mitigatum

120 3870 253 3927 animum
281 3865 446 3924 ostenderat
472 3862 639 3939 Polynices.
681 3862 718 3923 ln
740 3860 951 3937 Xenophontis
979 3856 1076 3917 entem
1103 3860 1168 3913 Ec-

119 3952 262 4030 pcdittose
285 3952 350 4022 Gprt
376 3950 428 4009 lib.
450 3944 508 4007 lV.
534 3966 597 4022 cop.
618 3952 648 4007 7.
674 3952 701 4019 §.
723 3954 753 4007 2.
789 3938 920 4009 'Ere-erd‘
947 3938 985 4006 δὲ
1007 3933 1026 4025 ἡ
1050 3933 1168 4020 πρώτη

119 4028 215 4109 τάξις
238 4024 386 4109 ἔκαμνεν,
409 4023 493 4113 ttttq
515 4024 661 4117 προσῄει
683 4025 740 4091 καὶ
761 4020 863 4103 αὖθις
884 3968 993 4106 dltp„
1015 4024 1066 4082 ubi
1080 4024 1169 4079 etiarn

120 4118 180 4177 dici
203 4118 315 4191 potnit:
347 4104 431 4196 t’r'llt]
453 4108 599 4201 προσῄει
620 4110 676 4177 καὶ
698 4100 742 4174 αὖ
764 4102 864 4193 ἄλλη,
886 4109 1050 4167 distinctius
1073 4112 1170 4162 tn‘nren
1260 4120 1267 4132 ⁸

120 4201 231 4261 indicet
256 4196 448 4274 Xenophon,
480 4218 538 4273 qno
566 4199 618 4257 ille
645 4196 830 4271 repetitionis
853 4192 1028 4269 significatio
1050 4197 1169 4263 spectet,

119 4285 202 4362 qnod
231 4284 348 4359 scripsit
375 4271 487 4357 αὖθις.
529 4280 579 4344 Ac
608 4283 652 4345 sio
680 4279 717 4341 de
730 4278 865 4355 ¹reliquis
890 4276 963 4335 locis
988 4272 1169 4333 stetnendurn
