2850 4842
284 462 349 528 216
719 451 899 525 aricino·
936 441 940 448 “

287 632 340 692 ilio
362 630 442 689 loons
466 626 589 691 Terenti
614 648 654 688 ex
674 628 854 687 Pborraioais
874 634 928 687 aet.
949 623 1008 686 IV.
1031 646 1070 686 sc.
1091 632 1122 686 4.
1145 649 1172 689 a.
1196 634 1240 688 27
1262 650 1346 707 sqq„

289 719 341 792 qui
361 717 467 775 misere
486 720 636 788 oorrnptus
657 720 702 771 est
724 732 742 770 a
762 713 911 771 veteribus
932 721 962 771 et
981 714 1194 774 recentioribus
1213 718 1345 776 criticise

526 840 621 883 Goitiaa
634 841 731 883 cecinit:
745 838 862 903 interdixit
876 840 994 883 buriates:

525 911 646 961 Haruspex
658 909 726 949 seruit
739 912 791 948 uste
805 906 906 950 bremme
918 913 992 951 autern
1004 911 1058 951 noct

525 978 608 1031 Neqati
621 979 733 1030 incipere,
748 987 806 1029 quae
819 987 902 1019 ceusu
911 982 949 1039 ¹est
962 979 1107 1025 iustissumo„

122 1160 125 1167 ι
292 1106 350 1162 quo
381 1086 413 1142 ia
444 1082 526 1157 ioco,
556 1103 645 1157 quom
666 1089 781 1141 veteres
800 1082 913 1141 librarii
938 1085 969 1142 ia
994 1084 1128 1161 genitivo
1149 1087 1216 1143 noui
1237 1088 1345 1161 sequti,

197 1194 200 1199 Δ
229 1230 238 1245 N
293 1190 382 1243 qoem
405 1188 463 1241 quo
486 1165 627 1225 referrent
648 1186 709 1224 non
730 1165 913 1242 babuerunt,
938 1167 1145 1241 offendissent,
1173 1168 1347 1227 adiecerunt

292 1254 338 1311 ilii
363 1271 525 1326 pronomen
552 1250 677 1333 aliquid,
707 1249 787 1330 qnod
813 1254 906 1310 eiecta
926 1254 1087 1320 autetiam
1110 1261 1226 1311 servata
1251 1261 1347 1310 autem

293 1336 436 1412 particula
465 1341 568 1409 postea
589 1336 621 1391 in
643 1330 767 1392 Terenti
788 1337 952 1393 orationem
975 1331 1121 1410 receptum
1144 1345 1198 1394 est.
1245 1334 1347 1414 Quom

271 1426 273 1431 ’
295 1431 392 1479 tamen
414 1418 619 1494 antiquissumi
640 1418 710 1477 libri
732 1440 790 1477 uno
812 1440 957 1479 consensu
980 1418 1170 1481 exhiberents
1193 1428 1264 1478 nato
1279 1419 1348 1477 brar*

294 1524 373 1563 rorem
402 1512 495 1563 arctous
523 1506 589 1560 aeui
615 1506 708 1577 aeyoti
730 1506 852 1578 incipere
872 1513 939 1574 etc,
972 1502 1059 1561 Ricb.
1085 1502 1260 1577 Bentleius,
1290 1524 1348 1577 qna

294 1588 351 1648 fait
374 1586 493 1647 audacie
516 1587 548 1643 in
571 1584 762 1661 neglegentiis
783 1586 925 1645 librorum
949 1590 1133 1664 testimoniis,
1156 1588 1297 1665 scripsitr

557 1713 661 1766 Arrrspee
673 1715 754 1757 cauit:
768 1719 821 1760 aste
835 1714 935 1761 mmm
947 1720 1021 1760 autera
1032 1718 1087 1761 saei

558 1780 641 1835 tt'r9oo·
655 1782 716 1824 ntra
729 1783 831 1837 incipere
844 1795 914 1826 eursu
928 1788 962 1825 est
975 1786 1081 1834 sontica,

298 1888 377 1966 qnod
400 1898 445 1948 est
464 1887 671 1952 saloissamum.
715 1886 799 1963 Bone
819 1889 951 1964 profecto
974 1910 1008 1950 se
1026 1887 1126 1965 babet,
1147 1889 1231 1964 qnod
1253 1886 1298 1949 est
1316 1891 1348 1950 in

297 1975 384 2035 libris
420 1974 648 2046 antiquissumis.
698 1970 808 2047 Neque
841 1976 920 2032 enim
949 1982 1043 2033 eutem
1074 1973 1215 2050 particula
1247 1977 1348 2049 quinto

297 2059 363 2118 loeo
390 2059 486 2133 posita
514 2059 622 2131 poterit
650 2076 826 2133 quemqnam
853 2060 978 2132 morari,
1008 2060 1059 2131 qni
1085 2068 1130 2117 est
1150 2060 1270 2133 antiqui
1291 2078 1348 2119 ser-

300 2143 394 2201 monis
417 2160 542 2218 gnarus,
571 2159 668 2215 neque
691 2141 743 2201 itte
767 2143 915 2216 genitivus
938 2146 1004 2200 aeui
1021 2146 1133 2222 negoti,
1159 2143 1213 2215 qni
1239 2153 1286 2203 est
1304 2162 1347 2201 re·

299 2225 438 2286 ferendus
470 2224 507 2283 ad
537 2226 659 2285 rerbain
690 2230 828 2302 incipere,
860 2224 946 2284 debet
978 2224 1135 2285 offensioni
1165 2246 1250 2302 esse,
1282 2229 1348 2301 qnid

299 2308 419 2383 Latini,
451 2311 502 2383 qui
529 2308 670 2369 dixerant
698 2310 822 2367 desinere
851 2311 973 2368 aticrdus
999 2315 1056 2379 rei,
1086 2319 1221 2385 poterant
1248 2310 1348 2371 eodem

301 2397 366 2453 iure
388 2393 485 2453 dicere
506 2396 595 2451 etiam
616 2397 738 2469 incipere
757 2394 878 2451 aiicrrius
900 2397 955 2462 rei,
979 2396 1153 2466 praesertim
1173 2415 1262 2468 quous
1283 2396 1348 2453 otiis

303 2497 421 2553 qnoque
442 2477 513 2535 locis
538 2496 636 2536 casnm
657 2477 822 2551 genitivum
845 2479 879 2535 in
903 2478 995 2539 simili
1020 2496 1124 2539 caussa
1143 2478 1335 2538 adhibuerint.

701 2641 740 2710 A
755 2635 781 2706 ’ὗ
802 2665 820 2706 c
841 2638 856 2707 ι’
876 2667 897 2706 κ
918 2666 952 2711 α.

167 2781 286 2836 Αὐτίκα.
387 2760 539 2846 Αὐτίκα,
569 2768 648 2843 qaod
679 2768 717 2827 ad
746 2790 906 2844 pronomen
940 2761 1041 2845 αὐτὸς
1072 2768 1258 2831 referendam
1284 2790 1349 2830 esso

192 2898 224 2944 1².
242 2892 287 2944 45·
305 2854 412 2933 patet‚'
430 2862 463 2913 at
488 2852 519 2912 id
546 2856 588 2913 ita
613 2854 744 2928 dicatur,
777 2856 819 2912 nti
849 2846 962 2937 ἡνίκα,
990 2849 1106 2936 τηνίκα
1130 2864 1159 2914 et
1185 2868 1349 2930 quaesunt

304 2939 429 3015 similia,
458 2940 630 2999 rectissume
659 2940 779 2999 omnino
803 2941 844 2997 ite
872 2940 1079 3013 interpretatas
1101 2948 1144 2999 est
1166 2938 1348 3015 Hortangius
1419 2955 1420 2966 ¹

304 3020 376 3083 Vol.
405 3020 430 3081 I.
459 3042 491 3097 p.
519 3030 590 3082 ³01.
621 3030 654 3081 nt
681 3023 789 3082 diceret
813 3020 932 3082 Latinis
958 3022 1032 3085 sere.
1050 3022 1203 3085 formulis:
1233 3044 1264 3084 eo
1289 3028 1347 3101 insa
1419 3059 1420 3084 r

304 3118 438 3187 ternpore,
459 3106 546 3178 iiiior,
569 3112 677 3180 statim,
700 3106 888 3181 respondero.

391 3189 480 3271 Quod
506 3201 604 3250 sertem
628 3188 777 3250 Devarius
801 3213 831 3265 p.
856 3191 908 3248 45.
931 3190 974 3247 ait
996 3191 1219 3264 probationibus
1243 3191 1348 3251 serviro

305 3273 383 3335 hanc
410 3275 601 3351 particulam,
629 3275 660 3333 id
685 3295 757 3335 sano
778 3276 820 3333 ita
844 3295 875 3332 se
901 3272 1005 3343 habet,
1032 3276 1118 3333 modo
1143 3287 1288 3336 teneamus
1310 3274 1350 3330 ibi

307 3367 419 3418 tantum
448 3359 535 3417 modo
561 3358 630 3417 hiric
657 3359 816 3434 particulae
841 3360 874 3416 in
892 3356 1037 3431 exemplis
1058 3358 1272 3419 adserendis'et
1288 3377 1350 3434 pru·

307 3444 473 3501 bationibus
501 3442 645 3517 ponendis
672 3442 768 3501 iocum
795 3462 876 3517 esse,
907 3442 956 3499 nbi
985 3442 1115 3502 iudicare
1143 3444 1267 3502 velimus
1292 3460 1350 3499 rem

308 3546 370 3585 non
398 3525 458 3585 site
484 3525 641 3601 petendam
667 3546 721 3585 nee
744 3526 833 3603 longo
860 3524 1061 3585 arcessendam
1089 3548 1169 3602 esse,
1206 3548 1293 3599 quam
1317 3525 1350 3580 ob

307 3630 370 3669 rem
392 3618 469 3669 reete
494 3612 559 3687 ipse
582 3607 730 3669 Devarius
757 3609 863 3668 deinde
889 3609 984 3683 dixit,
1011 3611 1152 3683 particule
1179 3604 1296 3675 αὐτίκα
1320 3609 1349 3665 io

313 3702 450 3769 promptu
470 3714 535 3754 esse
556 3697 759 3771 probationem
780 3694 949 3773 significari,
968 3696 1012 3752 uti
1029 3695 1062 3753 ia
1080 3694 1134 3753 illo
1152 3695 1217 3757 loco
1238 3692 1351 3755 Ariste

308 3776 416 3857 phanis
439 3797 479 3837 ex
500 3779 585 3837 Plato
608 3799 638 3838 r.
664 3782 724 3837 129
748 3797 805 3855 sq.,
828 3780 879 3838 ubi
899 3776 955 3837 boc
977 3776 1096 3838 dieitur:

869 3889 913 3958 Νὴ
932 3888 981 3945 τὸν
1000 3888 1131 3963 οὐρανόν.

480 3956 579 4012 αὐτίκα
596 3956 651 4033 γὰρ
670 3956 751 4033 ἄρχει
767 3957 815 4015 διὰ
834 3959 886 4015 rir'
908 3956 923 4013 ὁ
943 3957 1015 4021 Ζεὺς
1030 3964 1086 4015 sair
1102 3963 1194 4029 deuia,-

312 4068 383 4143 qnia
410 4084 470 4127 noa
502 4064 561 4125 aiis
591 4064 654 4125 voit
684 4074 820 4140 repetere
849 4063 1026 4144 Chremyias
1053 4073 1254 4150 argumentum
1278 4059 1346 4128 6⁰³9

313 4150 393 4223 qnod
423 4150 511 4210 dixit.
553 4146 667 4209 Eodem
693 4149 781 4211 modu
809 4148 916 4211 Graeci
945 4155 1033 4211 etiem
1059 4144 1163 4225 εὐθὺς
1191 4148 1345 4225 passsfflflb

203 4272 205 4277 ,
312 4232 422 4292 Latine
448 4243 544 4293 autem
567 4234 713 4294 interdum
737 4235 783 4294 uei
805 4237 848 4294 sic
868 4234 990 4311 dicitnr,
1019 4235 1097 4295 unde
1121 4238 1208 4294 etiem
1226 4226 1298 4288 ortos
1320 4231 1348 4279 et

311 4315 400 4375 aetati
423 4317 584 4390 proiectum
608 4328 659 4379 est.
702 4316 755 4380 Sic
777 4321 858 4383 enim
880 4320 993 4382 iocatus
1018 4327 1065 4382 est
1087 4323 1152 4397 ipse
1172 4315 1219 4378 Μ.
1240 4308 1349 4371 ΤΙὶΙῐΙΙ
