2850 4842
508 402 765 481 Praelatio.
1100 435 1148 483 ιι

94 580 226 650 alteriue
256 583 456 670 cognitione
484 586 639 674 intelligi,
669 588 807 676 ideireo,
828 605 863 658 ut
884 591 1029 679 singulae
1050 615 1147 680 quae·

94 722 154 784 que
183 698 222 766 iu
254 699 450 770 litterarum
481 705 594 773 ordine
624 730 698 773 auae
725 706 846 796 primae
870 706 992 775 litterae
1017 710 1145 794 habent,

95 816 137 882 ita
158 816 281 884 ortliue
304 819 544 893 deacribentur.
596 801 684 892 lllud
705 839 812 892 tamen
831 825 895 893 loe
914 826 989 893 loeo
1008 825 1149 892 animael-

94 936 291 1003 rertentlum
321 937 474 1024 videtur,
513 965 623 1009 earum
650 943 900 1030 particularum,
932 967 1010 1030 quaa
1039 969 1150 1033 παρα·

96 1052 391 1142 πληρωματικὰς,
421 1073 557 1144 vocant,
588 1083 654 1126 nou
677 1084 748 1127 esee
772 1084 875 1127 unum
902 1061 1062 1148 quoddam
1091 1085 1149 1148 ge·

96 1201 171 1262 uua,
204 1178 306 1246 cuiue
339 1200 441 1244 vooea
468 1199 592 1264 emper
618 1177 725 1244 solum
745 1177 787 1243 ad
807 1177 962 1245 orationis
986 1194 1145 1264 ornatum,

99 1310 128 1362 et
157 1297 251 1384 quari
285 1296 455 1365 rimarum
481 1292 633 1361 orationia
659 1296 898 1384 explementum
923 1295 1144 1381 adhibeantur,

104 1413 155 1482 ael
182 1415 335 1483 aliorum
368 1414 438 1480 iere
468 1411 613 1480 omnium
645 1435 799 1498 generum
824 1411 987 1480 nonnullis
1013 1413 1147 1480 vocibus

105 1532 266 1618 aonidere,
298 1547 341 1599 ut
369 1529 541 1619 aliquando
566 1528 650 1596 nihil
669 1528 705 1596 in
724 1529 938 1598 locutionibua
957 1529 1146 1616 uiguilioent,

105 1649 157 1716 aei
176 1647 234 1717 vel
258 1665 421 1734 ornatus,
441 1649 498 1718 vel
517 1647 613 1714 metri
632 1648 755 1735 gratia,
782 1648 967 1738 praesertim
987 1672 1007 1713 a
1026 1648 1146 1731 Politia,

103 1781 314 1857 usurpentur.
360 1765 598 1834 Earum'etiam
613 1788 747 1850 vocum,
769 1789 849 1853 quae
865 1787 886 1832 a
900 1766 1030 1856 propria
1045 1766 1147 1854 rigui·

103 1885 255 1954 litatione
278 1887 505 1969 deflectentes,
526 1883 664 1951 alienam
685 1907 705 1950 a
724 1907 784 1952 auo
803 1907 921 1971 genere
943 1885 1013 1954 vim
1030 1885 1148 1951 habere

110 2001 282 2090 vilentur,
315 2003 489 2070 nonnullae
509 2001 594 2067 inter
613 2002 969 2091 παραπληρωματικὰς
987 2004 1148 2071 collocan-

110 2133 165 2186 tur
191 2144 211 2188 a
239 2119 483 2206 Grammaticis,
511 2134 548 2185 ιιι
573 2117 656 2195 ποὺ,
686 2131 718 2184 et
737 2119 838 2197 ποτὲ,
861 2133 893 2185 et
914 2111 988 2200 οὖν,
1008 2143 1081 2185 oum
1099 2134 1148 2186 ta·

107 2261 183 2305 meu
210 2241 380 2330 propriam
405 2238 474 2306 rim
502 2231 777 2327 ἄοριστολογιιῆν
803 2250 834 2303 et
855 2233 1072 2327 ποχαστιιιῆν
1090 2236 1149 2304 lta·

108 2355 218 2443 leam,
250 2377 287 2428 ut
315 2359 354 2427 in
386 2357 458 2448 ipsa
485 2353 683 2443 singularum
709 2353 938 2442 particularum
962 2354 1147 2425 motatione

112 2473 241 2544 dicetur.
