2850 4842
356 484 417 536 xx
740 456 996 536 Praelatio.

356 667 418 712 uun
443 640 610 710 homiuum
635 640 817 731 pervenit-a,
840 637 1107 730 quenadmodum
1131 638 1211 706 lteec
1230 639 1298 706 iant
1317 638 1396 706 die·

358 759 478 851 putatio
499 759 538 825 de
556 756 721 848 particulis
739 759 862 849 prodit,
886 755 1080 826 auctotitatin
1098 772 1170 824 tuae
1189 757 1270 824 fulta
1287 781 1397 846 peae-

359 875 460 946 citio:
491 889 584 963 atque
614 877 658 944 ita
684 876 810 969 prodit,
836 891 873 942 ut
898 899 973 943 eum
988 875 1102 942 eidem
1117 876 1238 962 'Fnloio
1270 876 1397 942 vestm

359 993 467 1079 tuique
485 992 734 1078 studiosissimo,
754 1007 825 1060 tuna
842 995 961 1062 Sirleto
982 992 1067 1080 ipai,
1084 989 1266 1074 cardinali,
1285 991 1396 1059 vehe-

359 1124 483 1178 menter
508 1111 639 1201 prolteta
664 1110 723 1196 ait,
751 1110 922 1196 eademque
948 1133 970 1176 a
995 1113 1047 1180 Μ.
1074 1109 1214 1179 Antonio
1240 1109 1393 1190 Marcio,

360 1227 455 1316 paulo
482 1241 555 1296 ante
583 1250 679 1315 quam
699 1226 804 1297 evita
823 1225 1013 1311 discederet,
1038 1241 1182 1292 accurate
1201 1223 1391 1310 recognita:

359 1345 400 1412 de
426 1342 515 1411 cuiue
542 1344 606 1413 viti
626 1344 790 1429 doettina,
820 1343 1014 1429 eloquentie,
1044 1366 1176 1430 geneceo
1204 1341 1391 1429 letinaeqm

360 1461 491 1550 liuguae
516 1461 645 1530 scientia
671 1463 748 1550 quid
773 1460 882 1528 attinet
905 1459 1031 1526 dicere?
1057 1483 1131 1527 eum
1155 1458 1239 1526 inter
1258 1483 1388 1544 omuea,

360 1577 417 1666 qui
435 1593 520 1646 recte
541 1579 695 1662 sentiunt,
721 1593 869 1667 utputo,
890 1577 1076 1660 conueniet,
1098 1600 1171 1644 eum
1194 1578 1388 1664 eruditione,

359 1694 488 1762 dicendi
510 1696 675 1780 facultate,
702 1719 947 1784 graecorumque
972 1695 1138 1761 literarum
1155 1695 1250 1762 laude
1270 1710 1390 1762 noctua

358 1826 460 1879 aetate
487 1835 579 1901 pareo
607 1813 757 1898 fontaneo,
787 1829 824 1880 ut
856 1813 971 1882 leviter
999 1812 1121 1895 dicam,
1157 1810 1384 1901 pauciaaimoc,

357 1929 553 2018 cupariorem
585 1945 668 1999 certa
696 1930 847 1998 hahuim
875 1928 1047 1996 neminem.
1097 1927 1169 1996 tam
1196 1953 1273 1998 varo
1297 1929 1386 1996 cient

355 2046 421 2112 mei
439 2046 591 2114 avunculi
610 2045 878 2114 consiliumillud
899 2061 982 2131 erat,
1002 2060 1038 2114 ut
1053 2043 1235 2113 Concilium
1252 2070 1382 2116 nmmo

353 2161 504 2232 Pontifici
531 2163 745 2249 dedicaretur,
776 2164 859 2251 quod
886 2163 950 2252 ipci
976 2179 1057 2232 eaaet
1072 2164 1156 2232 illud
1175 2165 1342 2250 negotium
1358 2189 1380 2231 u

355 2303 479 2347 aumnto
500 2279 653 2348 Poutilice
673 2283 798 2365 deum,
821 2281 866 2348 ita
885 2282 948 2348 hoo
969 2257 1157 2369 opusculum
1175 2281 1216 2348 de
1234 2282 1380 2372 portien·

352 2394 406 2476 lia,
423 2395 538 2486 quippe
553 2397 718 2488 proprium
726 2400 827 2466 tecum
836 2423 874 2467 ne
883 2422 988 2482 auum,
1003 2388 1225 2486 tuiaplcndore
1232 2400 1378 2472 nominis

350 2511 505 2580 illustrari
532 2515 692 2604 cupiebat3
718 2539 830 2605 nempe
856 2515 947 2583 cuiue
973 2516 1104 2601 domun,
1134 2530 1169 2582 ut
1195 2531 1266 2584 autc
1287 2516 1376 2602 dixi,

349 2651 476 2720 temper
493 2631 592 2700 doctis
612 2632 693 2702 virio
712 2656 750 2699 ac
766 2631 956 2722 sapientibus
975 2633 1094 2722 patuit,
1119 2656 1256 2720 quonum
1274 2656 1377 2704 voces

349 2760 381 2814 ta
406 2745 472 2816 iam
495 2748 569 2816 inde
596 2775 617 2816 a
638 2749 891 2845 pueritiamque
912 2750 991 2818 adeo
1009 2751 1221 2833 delectarunt,
1240 2765 1278 2819 nt
1295 2777 1375 2820 cnm

346 2861 476 2934 illorum
496 2865 705 2952 sermonibus,
726 2866 818 2954 etque
836 2865 958 2954 ingenii
976 2867 1025 2935 tui
1043 2869 1232 2959 praestantia
1250 2870 1374 2938 animi·

345 3005 407 3068 que
425 2982 541 3052 virtute
560 3005 690 3070 maguae
710 2984 770 3052 tibi
789 3009 864 3075 open
882 2984 1044 3074 paraveris
1062 2986 1260 3077 prudentiae,
1289 3011 1372 3058 con·

343 3096 427 3184 ailii,
456 3099 637 3184 gravitatic3
665 3115 696 3168 te
723 3126 808 3170 nuuc
832 3103 870 3169 in
888 3125 979 3169 caeno
999 3101 1137 3169 Petrum·
1150 3101 1370 3190 amplietimo·

340 3237 415 3282 rum
439 3215 582 3306 collegio
603 3219 779 3308 principem
801 3221 908 3287 loonut
927 3234 1053 3304 tonate,
1073 3225 1164 3306 teque
1182 3243 1284 3286 unum
1307 3223 1369 3290 uni

339 3327 436 3399 Pout.
462 3331 551 3402 Max.
581 3337 757 3404 secuudum
782 3359 849 3403 ecee
874 3335 945 3404 iure
968 3339 1139 3406 laetemur:
1163 3351 1195 3404 ta
1215 3338 1364 3427 denique,

339 3444 368 3513 ai
387 3446 527 3516 humana
546 3475 599 3520 rea
618 3469 705 3522 tante
724 3455 888 3544 pendenda
907 3455 1024 3523 iudicio
1042 3455 1095 3539 ait,
1114 3455 1173 3522 illo
1190 3454 1262 3544 ipoo
1276 3458 1364 3526 loco.

339 3587 402 3651 quo
423 3567 531 3634 nullua
553 3585 601 3636 ett
620 3570 655 3637 in
675 3572 769 3638 terrie
788 3571 919 3657 celsior,
941 3595 1008 3638 eane
1030 3569 1254 3658 diguiacimutn
1273 3573 1364 3640 erbi-

337 3698 470 3752 nemu.
516 3683 605 3771 Ergo
633 3687 709 3754 dum
734 3704 791 3756 tuo
811 3686 1005 3778 patrocinio,
1026 3685 1208 3754 Gaudiuolie
1227 3691 1363 3778 amplic-
1399 3700 1400 3733 i

337 3800 417 3868 aime
444 3817 538 3888 atque
571 3802 706 3891 optime,
737 3819 840 3873 tutum
869 3828 937 3872 ecee
961 3802 1108 3870 lilellunu
1134 3805 1239 3891 huuc,
1267 3823 1362 3895 utque

337 3931 485 3986 anctum
507 3920 601 4001 volo,
628 3920 742 4006 simul,
769 3923 882 4005 caedo,
902 3919 1055 3988 Auctoris
1077 3922 1210 3992 videbor
1229 3925 1361 4014 obsequi
1396 3932 1398 4015 ἶ

337 4033 511 4116 voluntati,
542 4053 573 4103 et
602 4027 683 4106 milti
713 4039 783 4130 ipea
809 4063 932 4128 quoque
956 4038 1065 4126 eliqua
1090 4064 1134 4107 ex
1159 4056 1247 4130 pane
1266 4043 1361 4110 cutia·
1396 4022 1397 4061 l

337 4147 460 4235 lacere,
488 4151 546 4240 qui
570 4179 636 4224 non
661 4156 769 4224 minue
794 4159 945 4248 profiteor
964 4180 1017 4225 uae
1036 4155 1268 4246 Amplitudinic
1287 4174 1360 4228 tuae

337 4266 515 4382 etudioauua
541 4293 608 4338 ecce
635 4275 810 4362 cultorem,
839 4296 937 4363 quana
961 4275 1019 4343 cel
1044 4275 1354 4360 amatam
