<?xml version="1.0" encoding="UTF-8"?>
<!DOCTYPE html PUBLIC "-//W3C//DTD XHTML 1.0 Transitional//EN"
    "http://www.w3.org/TR/xhtml1/DTD/xhtml1-transitional.dtd">
<html xmlns="http://www.w3.org/1999/xhtml" xml:lang="en" lang="en">
 <head>
  <title>
</title>
<meta http-equiv="Content-Type" content="text/html;charset=utf-8" />
  <meta name='ocr-system' content='tesseract 3.04.00' />
  <meta name='ocr-capabilities' content='ocr_page ocr_carea ocr_par ocr_line ocrx_word'/>
</head>
<body>
  <div class='ocr_page' id='page_1' title='image "./matthaeidevarii00unkngoog_0016.png"; bbox 0 0 2850 4842; ppageno 0'>
   <div class='ocr_carea' id='block_1_1' title="bbox 313 376 1352 887">
    <p class='ocr_par' dir='ltr' id='par_1_1' title="bbox 313 376 960 456">
     <span class='ocr_line' id='line_1_1' title="bbox 313 376 960 456; baseline 0.003 -4"><span class='ocrx_word' id='word_1_1' title='bbox 313 405 341 452; x_wconf 82' lang='lat' dir='ltr'><strong>x</strong></span> <span class='ocrx_word' id='word_1_2' title='bbox 699 376 960 456; x_wconf 84' lang='lat' dir='ltr'><strong>Praelatio.</strong></span> 
     </span>
    </p>

    <p class='ocr_par' dir='ltr' id='par_1_2' title="bbox 314 558 1352 887">
     <span class='ocr_line' id='line_1_2' title="bbox 315 558 1351 650; baseline 0.002 -21"><span class='ocrx_word' id='word_1_3' title='bbox 315 583 437 630; x_wconf 74' lang='lat' dir='ltr'><strong>numere</strong></span> <span class='ocrx_word' id='word_1_4' title='bbox 463 558 638 650; x_wconf 71' lang='lat' dir='ltr'><strong>poterimus</strong></span> <span class='ocrx_word' id='word_1_5' title='bbox 666 559 702 627; x_wconf 92' lang='lat' dir='ltr'><strong>iu</strong></span> <span class='ocrx_word' id='word_1_6' title='bbox 728 560 771 629; x_wconf 83' lang='lat' dir='ltr'><strong>iio</strong></span> <span class='ocrx_word' id='word_1_7' title='bbox 795 560 976 650; x_wconf 79' lang='lat' dir='ltr'><strong>partionlie,</strong></span> <span class='ocrx_word' id='word_1_8' title='bbox 1004 563 1082 650; x_wconf 82' lang='lat' dir='ltr'><strong>quae</strong></span> <span class='ocrx_word' id='word_1_9' title='bbox 1114 563 1351 631; x_wconf 72' lang='lat' dir='ltr'><strong>Gonianete&#39;onea</strong></span> 
     </span>
     <span class='ocr_line' id='line_1_3' title="bbox 315 677 1351 770; baseline -0.001 -23"><span class='ocrx_word' id='word_1_10' title='bbox 315 677 524 748; x_wconf 80' lang='lat' dir='ltr'><strong>Grammatioi</strong></span> <span class='ocrx_word' id='word_1_11' title='bbox 553 677 682 763; x_wconf 87' lang='lat' dir='ltr'><strong>dicunt,</strong></span> <span class='ocrx_word' id='word_1_12' title='bbox 709 678 739 744; x_wconf 86' lang='lat' dir='ltr'><strong>ei</strong></span> <span class='ocrx_word' id='word_1_13' title='bbox 758 679 920 768; x_wconf 72' lang='lat' dir='ltr'><strong>proposita</strong></span> <span class='ocrx_word' id='word_1_14' title='bbox 933 678 1113 770; x_wconf 64' lang='lat' dir='ltr'><strong>&#39;scriptoria</strong></span> <span class='ocrx_word' id='word_1_15' title='bbox 1134 678 1271 747; x_wconf 74' lang='lat' dir='ltr'><strong>alicuine</strong></span> <span class='ocrx_word' id='word_1_16' title='bbox 1289 704 1351 770; x_wconf 89' lang='lat' dir='ltr'><strong>pe-</strong></span> 
     </span>
     <span class='ocr_line' id='line_1_4' title="bbox 314 794 1352 887; baseline 0 -22"><span class='ocrx_word' id='word_1_17' title='bbox 314 799 406 866; x_wconf 89' lang='lat' dir='ltr'><strong>riodo</strong></span> <span class='ocrx_word' id='word_1_18' title='bbox 430 795 596 886; x_wconf 86' lang='lat' dir='ltr'><strong>quapiam,</strong></span> <span class='ocrx_word' id='word_1_19' title='bbox 617 810 653 862; x_wconf 90' lang='lat' dir='ltr'><strong>nt</strong></span> <span class='ocrx_word' id='word_1_20' title='bbox 670 798 856 866; x_wconf 73' lang='lat' dir='ltr'><strong>Aristotelia</strong></span> <span class='ocrx_word' id='word_1_21' title='bbox 874 797 951 882; x_wconf 92' lang='lat' dir='ltr'><strong>illa,</strong></span> <span class='ocrx_word' id='word_1_22' title='bbox 974 795 1090 887; x_wconf 69' lang='grc' dir='ltr'><strong><em>ἐπειδὴ</em></strong></span> <span class='ocrx_word' id='word_1_23' title='bbox 1111 794 1352 867; x_wconf 60' lang='lat' dir='ltr'><strong>necaretur</strong></span> 
     </span>
    </p>
   </div>
   <div class='ocr_carea' id='block_1_2' title="bbox 180 905 1352 1008">
    <p class='ocr_par' dir='ltr' id='par_1_3' title="bbox 180 905 1352 1008">
     <span class='ocr_line' id='line_1_5' title="bbox 180 905 1352 1008; baseline -0.002 -22"><span class='ocrx_word' id='word_1_24' title='bbox 180 985 182 992; x_wconf 84' lang='grc'><em>,</em></span> <span class='ocrx_word' id='word_1_25' title='bbox 315 915 446 1008; x_wconf 82' lang='grc' dir='ltr'><strong><em>ὁρῶμεν</em></strong></span> <span class='ocrx_word' id='word_1_26' title='bbox 463 911 635 983; x_wconf 77' lang='grc' dir='ltr'><strong><em>κοινωνίαν</em></strong></span> <span class='ocrx_word' id='word_1_27' title='bbox 649 912 725 982; x_wconf 79' lang='grc' dir='ltr'><strong><em>τινὰ</em></strong></span> <span class='ocrx_word' id='word_1_28' title='bbox 746 905 858 994; x_wconf 77' lang='grc' dir='ltr'><strong><em>οὖσαν,</em></strong></span> <span class='ocrx_word' id='word_1_29' title='bbox 879 915 936 983; x_wconf 78' lang='grc' dir='ltr'><strong>καὶ</strong></span> <span class='ocrx_word' id='word_1_30' title='bbox 950 919 1063 984; x_wconf 79' lang='grc' dir='ltr'><strong><em>πᾶσαν</em></strong></span> <span class='ocrx_word' id='word_1_31' title='bbox 1078 913 1250 984; x_wconf 76' lang='grc' dir='ltr'><strong><em>κοινωνίαν</em></strong></span> <span class='ocrx_word' id='word_1_32' title='bbox 1265 909 1352 1002; x_wconf 78' lang='grc' dir='ltr'><strong>ἄγα-</strong></span> 
     </span>
    </p>
   </div>
   <div class='ocr_carea' id='block_1_3' title="bbox 309 1024 1359 2415">
    <p class='ocr_par' dir='ltr' id='par_1_4' title="bbox 309 1024 1359 2415">
     <span class='ocr_line' id='line_1_6' title="bbox 314 1024 1352 1122; baseline -0.003 -18"><span class='ocrx_word' id='word_1_33' title='bbox 314 1038 383 1103; x_wconf 64' lang='lat' dir='ltr'><strong>dod</strong></span> <span class='ocrx_word' id='word_1_34' title='bbox 408 1031 499 1112; x_wconf 81' lang='grc' dir='ltr'><strong><em>τινὸς</em></strong></span> <span class='ocrx_word' id='word_1_35' title='bbox 526 1030 633 1099; x_wconf 73' lang='grc' dir='ltr'><strong><em>ἕνεκεν</em></strong></span> <span class='ocrx_word' id='word_1_36' title='bbox 660 1037 907 1120; x_wconf 74' lang='grc' dir='ltr'><strong><em>συνεστηκυῖαν,</em></strong></span> <span class='ocrx_word' id='word_1_37' title='bbox 934 1038 995 1102; x_wconf 74' lang='grc' dir='ltr'><strong>τοῦ</strong></span> <span class='ocrx_word' id='word_1_38' title='bbox 1019 1031 1083 1122; x_wconf 80' lang='grc' dir='ltr'><strong>γὰρ</strong></span> <span class='ocrx_word' id='word_1_39' title='bbox 1103 1024 1190 1100; x_wconf 77' lang='grc' dir='ltr'><strong><em>εἶναι</em></strong></span> <span class='ocrx_word' id='word_1_40' title='bbox 1211 1034 1352 1101; x_wconf 78' lang='grc' dir='ltr'><strong><em>δοκοῦν-</em></strong></span> 
     </span>
     <span class='ocr_line' id='line_1_7' title="bbox 313 1145 1354 1240; baseline -0.003 -21"><span class='ocrx_word' id='word_1_41' title='bbox 313 1177 371 1232; x_wconf 78' lang='grc' dir='ltr'><strong>τος</strong></span> <span class='ocrx_word' id='word_1_42' title='bbox 393 1146 526 1238; x_wconf 73' lang='grc' dir='ltr'><strong><em>ἀγαθοῦ</em></strong></span> <span class='ocrx_word' id='word_1_43' title='bbox 546 1145 643 1238; x_wconf 78' lang='grc' dir='ltr'><strong><em>χάρίν</em></strong></span> <span class='ocrx_word' id='word_1_44' title='bbox 662 1145 774 1217; x_wconf 77' lang='grc' dir='ltr'><strong><em>πάντα</em></strong></span> <span class='ocrx_word' id='word_1_45' title='bbox 794 1146 980 1240; x_wconf 77' lang='grc' dir='ltr'><strong><em>πράττουσι</em></strong></span> <span class='ocrx_word' id='word_1_46' title='bbox 1006 1146 1144 1230; x_wconf 76' lang='grc' dir='ltr'><strong><em>πάντας,</em></strong></span> <span class='ocrx_word' id='word_1_47' title='bbox 1171 1149 1286 1238; x_wconf 78' lang='grc' dir='ltr'><strong><em>δῆλον,</em></strong></span> <span class='ocrx_word' id='word_1_48' title='bbox 1315 1163 1354 1216; x_wconf 86' lang='lat' dir='ltr'><strong>et</strong></span> 
     </span>
     <span class='ocr_line' id='line_1_8' title="bbox 313 1266 1359 1357; baseline -0.002 -21"><span class='ocrx_word' id='word_1_49' title='bbox 313 1269 454 1357; x_wconf 80' lang='lat' dir='ltr'><strong>relique:</strong></span> <span class='ocrx_word' id='word_1_50' title='bbox 483 1289 527 1332; x_wconf 87' lang='lat' dir='ltr'><strong>ex</strong></span> <span class='ocrx_word' id='word_1_51' title='bbox 554 1267 624 1356; x_wconf 80' lang='lat' dir='ltr'><strong>ipse</strong></span> <span class='ocrx_word' id='word_1_52' title='bbox 650 1268 792 1334; x_wconf 82' lang='lat' dir='ltr'><strong>olauaula</strong></span> <span class='ocrx_word' id='word_1_53' title='bbox 821 1268 1062 1347; x_wconf 68' lang='lat' dir='ltr'><strong>subtrahantur,</strong></span> <span class='ocrx_word' id='word_1_54' title='bbox 1088 1280 1119 1332; x_wconf 90' lang='lat' dir='ltr'><strong>et</strong></span> <span class='ocrx_word' id='word_1_55' title='bbox 1144 1266 1249 1333; x_wconf 85' lang='lat' dir='ltr'><strong>nudae</strong></span> <span class='ocrx_word' id='word_1_56' title='bbox 1269 1266 1359 1334; x_wconf 29' lang='lat' dir='ltr'><strong>reli-e</strong></span> 
     </span>
     <span class='ocr_line' id='line_1_9' title="bbox 313 1383 1350 1476; baseline -0.003 -21"><span class='ocrx_word' id='word_1_57' title='bbox 313 1411 395 1476; x_wconf 83' lang='lat' dir='ltr'><strong>qnae</strong></span> <span class='ocrx_word' id='word_1_58' title='bbox 415 1384 568 1454; x_wconf 82' lang='lat' dir='ltr'><strong>orationis</strong></span> <span class='ocrx_word' id='word_1_59' title='bbox 588 1399 692 1474; x_wconf 78' lang='lat' dir='ltr'><strong>partes</strong></span> <span class='ocrx_word' id='word_1_60' title='bbox 715 1386 932 1472; x_wconf 83' lang='lat' dir='ltr'><strong>proferantur.</strong></span> <span class='ocrx_word' id='word_1_61' title='bbox 980 1383 1065 1452; x_wconf 70' lang='lat' dir='ltr'><strong>(inm</strong></span> <span class='ocrx_word' id='word_1_62' title='bbox 1085 1384 1173 1450; x_wconf 87' lang='lat' dir='ltr'><strong>enirn</strong></span> <span class='ocrx_word' id='word_1_63' title='bbox 1193 1383 1350 1452; x_wconf 71' lang='lat' dir='ltr'><strong>orationi·</strong></span> 
     </span>
     <span class='ocr_line' id='line_1_10' title="bbox 314 1492 1353 1593; baseline -0.004 -21"><span class='ocrx_word' id='word_1_64' title='bbox 314 1492 469 1591; x_wconf 74' lang='lat' dir='ltr'><strong>cuiusque</strong></span> <span class='ocrx_word' id='word_1_65' title='bbox 494 1503 671 1570; x_wconf 75' lang='lat' dir='ltr'><strong>locutiones</strong></span> <span class='ocrx_word' id='word_1_66' title='bbox 702 1518 792 1570; x_wconf 85' lang='lat' dir='ltr'><strong>oerta</strong></span> <span class='ocrx_word' id='word_1_67' title='bbox 819 1503 964 1593; x_wconf 85' lang='lat' dir='ltr'><strong>quadam·</strong></span> <span class='ocrx_word' id='word_1_68' title='bbox 977 1503 1101 1569; x_wconf 87' lang='lat' dir='ltr'><strong>ratione</strong></span> <span class='ocrx_word' id='word_1_69' title='bbox 1119 1500 1201 1569; x_wconf 86' lang='lat' dir='ltr'><strong>aliae</strong></span> <span class='ocrx_word' id='word_1_70' title='bbox 1222 1502 1263 1567; x_wconf 79' lang='lat' dir='ltr'><strong>eh</strong></span> <span class='ocrx_word' id='word_1_71' title='bbox 1282 1499 1353 1568; x_wconf 75' lang='lat' dir='ltr'><strong>ntia</strong></span> 
     </span>
     <span class='ocr_line' id='line_1_11' title="bbox 311 1613 1349 1712; baseline -0.004 -22"><span class='ocrx_word' id='word_1_72' title='bbox 311 1623 487 1712; x_wconf 76' lang='lat' dir='ltr'><strong>pendeant,</strong></span> <span class='ocrx_word' id='word_1_73' title='bbox 516 1621 725 1709; x_wconf 73' lang='lat' dir='ltr'><strong>singulaeque</strong></span> <span class='ocrx_word' id='word_1_74' title='bbox 751 1620 786 1688; x_wconf 85' lang='lat' dir='ltr'><strong>iu</strong></span> <span class='ocrx_word' id='word_1_75' title='bbox 814 1613 957 1688; x_wconf 82' lang='lat' dir='ltr'><strong>memhra</strong></span> <span class='ocrx_word' id='word_1_76' title='bbox 976 1621 1130 1706; x_wconf 84' lang='lat' dir='ltr'><strong>quaedam</strong></span> <span class='ocrx_word' id='word_1_77' title='bbox 1150 1617 1349 1705; x_wconf 72' lang='lat' dir='ltr'><strong>diuiduntur,</strong></span> 
     </span>
     <span class='ocr_line' id='line_1_12' title="bbox 313 1737 1347 1830; baseline -0.008 -21"><span class='ocrx_word' id='word_1_78' title='bbox 313 1741 447 1830; x_wconf 80' lang='lat' dir='ltr'><strong>ipsaque</strong></span> <span class='ocrx_word' id='word_1_79' title='bbox 475 1741 637 1824; x_wconf 86' lang='lat' dir='ltr'><strong>membre,</strong></span> <span class='ocrx_word' id='word_1_80' title='bbox 671 1738 828 1806; x_wconf 89' lang='lat' dir='ltr'><strong>nimirum</strong></span> <span class='ocrx_word' id='word_1_81' title='bbox 858 1737 1045 1805; x_wconf 74' lang='lat' dir='ltr'>antecedens</span> <span class='ocrx_word' id='word_1_82' title='bbox 1075 1753 1109 1804; x_wconf 89' lang='lat' dir='ltr'><strong>et</strong></span> <span class='ocrx_word' id='word_1_83' title='bbox 1137 1759 1347 1822; x_wconf 81' lang='lat' dir='ltr'><strong>oouaequena,</strong></span> 
     </span>
     <span class='ocr_line' id='line_1_13' title="bbox 311 1852 1351 1947; baseline -0.005 -22"><span class='ocrx_word' id='word_1_84' title='bbox 311 1861 404 1946; x_wconf 81' lang='lat' dir='ltr'><strong>aigne</strong></span> <span class='ocrx_word' id='word_1_85' title='bbox 425 1858 580 1946; x_wconf 85' lang='lat' dir='ltr'><strong>quaedem</strong></span> <span class='ocrx_word' id='word_1_86' title='bbox 596 1855 800 1940; x_wconf 83' lang='lat' dir='ltr'><strong>eomitentnr3</strong></span> <span class='ocrx_word' id='word_1_87' title='bbox 821 1859 964 1947; x_wconf 78' lang='lat' dir='ltr'><strong>prolecto</strong></span> <span class='ocrx_word' id='word_1_88' title='bbox 981 1855 1038 1944; x_wconf 92' lang='lat' dir='ltr'><strong>qui</strong></span> <span class='ocrx_word' id='word_1_89' title='bbox 1052 1855 1218 1942; x_wconf 73' lang='lat' dir='ltr'><strong>tignorum</strong></span> <span class='ocrx_word' id='word_1_90' title='bbox 1231 1852 1351 1920; x_wconf 81' lang='lat' dir='ltr'><strong>huiua-</strong></span> 
     </span>
     <span class='ocr_line' id='line_1_14' title="bbox 309 1972 1350 2062; baseline 0 -20"><span class='ocrx_word' id='word_1_91' title='bbox 309 1977 398 2042; x_wconf 88' lang='lat' dir='ltr'><strong>modi</strong></span> <span class='ocrx_word' id='word_1_92' title='bbox 426 1975 496 2044; x_wconf 84' lang='lat' dir='ltr'><strong>vim</strong></span> <span class='ocrx_word' id='word_1_93' title='bbox 523 1991 616 2062; x_wconf 86' lang='lat' dir='ltr'><strong>atque</strong></span> <span class='ocrx_word' id='word_1_94' title='bbox 642 1973 869 2042; x_wconf 77' lang='lat' dir='ltr'><strong>indicationem</strong></span> <span class='ocrx_word' id='word_1_95' title='bbox 897 1975 1042 2062; x_wconf 80' lang='lat' dir='ltr'>ignoret,</span> <span class='ocrx_word' id='word_1_96' title='bbox 1065 1996 1107 2039; x_wconf 90' lang='lat' dir='ltr'><strong>ue</strong></span> <span class='ocrx_word' id='word_1_97' title='bbox 1126 1972 1350 2042; x_wconf 78' lang='lat' dir='ltr'><strong>membrorum</strong></span> 
     </span>
     <span class='ocr_line' id='line_1_15' title="bbox 310 2089 1349 2182; baseline -0.002 -24"><span class='ocrx_word' id='word_1_98' title='bbox 310 2093 439 2182; x_wconf 88' lang='lat' dir='ltr'><strong>quidem</strong></span> <span class='ocrx_word' id='word_1_99' title='bbox 473 2117 595 2160; x_wconf 83' lang='lat' dir='ltr'><strong>nexum</strong></span> <span class='ocrx_word' id='word_1_100' title='bbox 632 2106 663 2158; x_wconf 87' lang='lat' dir='ltr'><strong>et</strong></span> <span class='ocrx_word' id='word_1_101' title='bbox 689 2093 822 2177; x_wconf 83' lang='lat' dir='ltr'><strong>aerium,</strong></span> <span class='ocrx_word' id='word_1_102' title='bbox 854 2094 1011 2178; x_wconf 83' lang='lat' dir='ltr'><strong>totineqne</strong></span> <span class='ocrx_word' id='word_1_103' title='bbox 1037 2089 1190 2157; x_wconf 70' lang='lat' dir='ltr'><strong>orationi·</strong></span> <span class='ocrx_word' id='word_1_104' title='bbox 1215 2089 1349 2157; x_wconf 79' lang='lat' dir='ltr'><strong>modum</strong></span> 
     </span>
     <span class='ocr_line' id='line_1_16' title="bbox 310 2205 1348 2299; baseline -0.002 -22"><span class='ocrx_word' id='word_1_105' title='bbox 310 2211 556 2298; x_wconf 74' lang='lat' dir='ltr'><strong>qualitatemque</strong></span> <span class='ocrx_word' id='word_1_106' title='bbox 575 2210 738 2299; x_wconf 83' lang='lat' dir='ltr'><strong>pereipiat.</strong></span> <span class='ocrx_word' id='word_1_107' title='bbox 781 2209 927 2296; x_wconf 79' lang='lat' dir='ltr'><strong>Cumque</strong></span> <span class='ocrx_word' id='word_1_108' title='bbox 945 2230 1060 2298; x_wconf 87' lang='lat' dir='ltr'><strong>parum</strong></span> <span class='ocrx_word' id='word_1_109' title='bbox 1080 2205 1224 2289; x_wconf 73' lang='lat' dir='ltr'><strong>intenuit,</strong></span> <span class='ocrx_word' id='word_1_110' title='bbox 1249 2207 1348 2275; x_wconf 86' lang='lat' dir='ltr'><strong>tolla·</strong></span> 
     </span>
     <span class='ocr_line' id='line_1_17' title="bbox 309 2323 1345 2415; baseline -0.004 -21"><span class='ocrx_word' id='word_1_111' title='bbox 309 2343 404 2394; x_wconf 90' lang='lat' dir='ltr'><strong>turne</strong></span> <span class='ocrx_word' id='word_1_112' title='bbox 424 2327 463 2392; x_wconf 89' lang='lat' dir='ltr'><strong>de</strong></span> <span class='ocrx_word' id='word_1_113' title='bbox 483 2325 590 2392; x_wconf 89' lang='lat' dir='ltr'><strong>medio</strong></span> <span class='ocrx_word' id='word_1_114' title='bbox 611 2326 842 2415; x_wconf 84' lang='lat' dir='ltr'><strong>particularum</strong></span> <span class='ocrx_word' id='word_1_115' title='bbox 862 2349 956 2410; x_wconf 84' lang='lat' dir='ltr'><strong>uene,</strong></span> <span class='ocrx_word' id='word_1_116' title='bbox 984 2349 1026 2391; x_wconf 89' lang='lat' dir='ltr'><strong>an</strong></span> <span class='ocrx_word' id='word_1_117' title='bbox 1046 2347 1114 2390; x_wconf 92' lang='lat' dir='ltr'><strong>non</strong></span> <span class='ocrx_word' id='word_1_118' title='bbox 1133 2323 1345 2414; x_wconf 71' lang='lat' dir='ltr'><strong>intelligatur,</strong></span> 
     </span>
    </p>
   </div>
   <div class='ocr_carea' id='block_1_4' title="bbox 248 2424 1345 2532">
    <p class='ocr_par' dir='ltr' id='par_1_5' title="bbox 248 2424 1345 2532">
     <span class='ocr_line' id='line_1_18' title="bbox 248 2424 1345 2532; baseline -0.004 -19"><span class='ocrx_word' id='word_1_119' title='bbox 248 2462 252 2468; x_wconf 90' lang='lat'>&#39;</span> <span class='ocrx_word' id='word_1_120' title='bbox 309 2446 366 2513; x_wconf 83' lang='lat' dir='ltr'><strong>vel</strong></span> <span class='ocrx_word' id='word_1_121' title='bbox 385 2443 473 2530; x_wconf 85' lang='lat' dir='ltr'><strong>ipeae</strong></span> <span class='ocrx_word' id='word_1_122' title='bbox 492 2443 578 2509; x_wconf 85' lang='lat' dir='ltr'><strong>mele</strong></span> <span class='ocrx_word' id='word_1_123' title='bbox 597 2441 808 2509; x_wconf 79' lang='lat' dir='ltr'><strong>adhibeantur</strong></span> <span class='ocrx_word' id='word_1_124' title='bbox 825 2457 859 2509; x_wconf 89' lang='lat' dir='ltr'><strong>et</strong></span> <span class='ocrx_word' id='word_1_125' title='bbox 877 2424 1093 2532; x_wconf 77' lang='lat' dir='ltr'><strong>applidentur,</strong></span> <span class='ocrx_word' id='word_1_126' title='bbox 1121 2465 1189 2508; x_wconf 76' lang='lat' dir='ltr'><strong>uon</strong></span> <span class='ocrx_word' id='word_1_127' title='bbox 1210 2440 1345 2509; x_wconf 84' lang='lat' dir='ltr'><strong>omuino</strong></span> 
     </span>
    </p>
   </div>
   <div class='ocr_carea' id='block_1_5' title="bbox 307 2558 1345 4307">
    <p class='ocr_par' dir='ltr' id='par_1_6' title="bbox 307 2558 1345 4307">
     <span class='ocr_line' id='line_1_19' title="bbox 310 2558 1344 2651; baseline -0.004 -21"><span class='ocrx_word' id='word_1_128' title='bbox 310 2585 441 2650; x_wconf 88' lang='lat' dir='ltr'><strong>operam</strong></span> <span class='ocrx_word' id='word_1_129' title='bbox 459 2560 585 2650; x_wconf 88' lang='lat' dir='ltr'><strong>perdet,</strong></span> <span class='ocrx_word' id='word_1_130' title='bbox 610 2559 665 2646; x_wconf 92' lang='lat' dir='ltr'><strong>qui</strong></span> <span class='ocrx_word' id='word_1_131' title='bbox 684 2559 720 2626; x_wconf 88' lang='lat' dir='ltr'><strong>in</strong></span> <span class='ocrx_word' id='word_1_132' title='bbox 740 2558 792 2627; x_wconf 86' lang='lat' dir='ltr'><strong>hie</strong></span> <span class='ocrx_word' id='word_1_133' title='bbox 812 2560 1030 2651; x_wconf 76' lang='lat' dir='ltr'><strong>exponendis,</strong></span> <span class='ocrx_word' id='word_1_134' title='bbox 1053 2558 1168 2647; x_wconf 89' lang='lat' dir='ltr'><strong>quique</strong></span> <span class='ocrx_word' id='word_1_135' title='bbox 1188 2559 1224 2626; x_wconf 91' lang='lat' dir='ltr'><strong>iu</strong></span> <span class='ocrx_word' id='word_1_136' title='bbox 1242 2559 1344 2626; x_wconf 84' lang='lat' dir='ltr'><strong>intel·</strong></span> 
     </span>
     <span class='ocr_line' id='line_1_20' title="bbox 308 2676 1345 2768; baseline -0.004 -21"><span class='ocrx_word' id='word_1_137' title='bbox 308 2678 447 2767; x_wconf 83' lang='lat' dir='ltr'><strong>ligendie</strong></span> <span class='ocrx_word' id='word_1_138' title='bbox 466 2676 655 2744; x_wconf 70' lang='lat' dir='ltr'><strong>iudustriam</strong></span> <span class='ocrx_word' id='word_1_139' title='bbox 674 2677 875 2766; x_wconf 77' lang='lat' dir='ltr'><strong>studiumque</strong></span> <span class='ocrx_word' id='word_1_140' title='bbox 895 2678 1047 2768; x_wconf 74' lang='lat' dir='ltr'><strong>posuerit.</strong></span> <span class='ocrx_word' id='word_1_141' title='bbox 1089 2677 1128 2746; x_wconf 91' lang='lat' dir='ltr'><strong>Si</strong></span> <span class='ocrx_word' id='word_1_142' title='bbox 1148 2677 1235 2745; x_wconf 88' lang='lat' dir='ltr'><strong>enim</strong></span> <span class='ocrx_word' id='word_1_143' title='bbox 1254 2677 1345 2744; x_wconf 88' lang='lat' dir='ltr'><strong>ordi·</strong></span> 
     </span>
     <span class='ocr_line' id='line_1_21' title="bbox 309 2794 1344 2884; baseline -0.001 -20"><span class='ocrx_word' id='word_1_144' title='bbox 309 2797 361 2864; x_wconf 86' lang='lat' dir='ltr'><strong>nia</strong></span> <span class='ocrx_word' id='word_1_145' title='bbox 387 2811 419 2863; x_wconf 91' lang='lat' dir='ltr'><strong>et</strong></span> <span class='ocrx_word' id='word_1_146' title='bbox 446 2795 635 2862; x_wconf 74' lang='lat' dir='ltr'><strong>efficacitatis</strong></span> <span class='ocrx_word' id='word_1_147' title='bbox 662 2796 814 2863; x_wconf 75' lang='lat' dir='ltr'><strong>orationis</strong></span> <span class='ocrx_word' id='word_1_148' title='bbox 843 2811 928 2863; x_wconf 87' lang='lat' dir='ltr'><strong>oerta</strong></span> <span class='ocrx_word' id='word_1_149' title='bbox 955 2797 1048 2884; x_wconf 74' lang='lat' dir='ltr'><strong>aigne</strong></span> <span class='ocrx_word' id='word_1_150' title='bbox 1075 2794 1344 2880; x_wconf 84' lang='lat' dir='ltr'><strong>eonatituerimue,</strong></span> 
     </span>
     <span class='ocr_line' id='line_1_22' title="bbox 307 2911 1344 3004; baseline 0 -24"><span class='ocrx_word' id='word_1_151' title='bbox 307 2916 384 2998; x_wconf 86' lang='lat' dir='ltr'><strong>fiet,</strong></span> <span class='ocrx_word' id='word_1_152' title='bbox 405 2928 525 2980; x_wconf 90' lang='lat' dir='ltr'><strong>utnon</strong></span> <span class='ocrx_word' id='word_1_153' title='bbox 546 2911 696 3002; x_wconf 87' lang='lat' dir='ltr'><strong>opinione</strong></span> <span class='ocrx_word' id='word_1_154' title='bbox 716 2913 804 2980; x_wconf 89' lang='lat' dir='ltr'><strong>duoti</strong></span> <span class='ocrx_word' id='word_1_155' title='bbox 824 2939 868 2982; x_wconf 85' lang='lat' dir='ltr'><strong>ex</strong></span> <span class='ocrx_word' id='word_1_156' title='bbox 887 2929 1056 3004; x_wconf 76' lang='lat' dir='ltr'><strong>apparente</strong></span> <span class='ocrx_word' id='word_1_157' title='bbox 1076 2915 1229 2981; x_wconf 74' lang='lat' dir='ltr'><strong>sententia</strong></span> <span class='ocrx_word' id='word_1_158' title='bbox 1249 2913 1344 2981; x_wconf 86' lang='lat' dir='ltr'><strong>loon-</strong></span> 
     </span>
     <span class='ocr_line' id='line_1_23' title="bbox 309 3029 1344 3120; baseline 0.001 -23"><span class='ocrx_word' id='word_1_159' title='bbox 309 3030 406 3098; x_wconf 85' lang='lat' dir='ltr'><strong>tionie</strong></span> <span class='ocrx_word' id='word_1_160' title='bbox 427 3029 541 3118; x_wconf 84' lang='lat' dir='ltr'><strong>unique</strong></span> <span class='ocrx_word' id='word_1_161' title='bbox 561 3030 736 3120; x_wconf 87' lang='lat' dir='ltr'><strong>partioulee</strong></span> <span class='ocrx_word' id='word_1_162' title='bbox 758 3033 854 3100; x_wconf 89' lang='lat' dir='ltr'><strong>modo</strong></span> <span class='ocrx_word' id='word_1_163' title='bbox 875 3033 977 3117; x_wconf 89' lang='lat' dir='ltr'><strong>hano,</strong></span> <span class='ocrx_word' id='word_1_164' title='bbox 1011 3032 1110 3100; x_wconf 88' lang='lat' dir='ltr'><strong>modo</strong></span> <span class='ocrx_word' id='word_1_165' title='bbox 1129 3032 1220 3098; x_wconf 87' lang='lat' dir='ltr'><strong>illam</strong></span> <span class='ocrx_word' id='word_1_166' title='bbox 1239 3031 1344 3118; x_wconf 73' lang='lat' dir='ltr'><strong>nigni-</strong></span> 
     </span>
     <span class='ocr_line' id='line_1_24' title="bbox 309 3147 1344 3240; baseline -0.001 -24"><span class='ocrx_word' id='word_1_167' title='bbox 309 3147 490 3216; x_wconf 87' lang='lat' dir='ltr'><strong>iioetionem</strong></span> <span class='ocrx_word' id='word_1_168' title='bbox 520 3149 717 3218; x_wconf 77' lang='lat' dir='ltr'><strong>tribuamuea</strong></span> <span class='ocrx_word' id='word_1_169' title='bbox 749 3151 834 3240; x_wconf 88' lang='lat' dir='ltr'><strong>quod</strong></span> <span class='ocrx_word' id='word_1_170' title='bbox 866 3150 934 3217; x_wconf 86' lang='lat' dir='ltr'><strong>illie</strong></span> <span class='ocrx_word' id='word_1_171' title='bbox 965 3173 1091 3238; x_wconf 85' lang='lat' dir='ltr'><strong>quoque</strong></span> <span class='ocrx_word' id='word_1_172' title='bbox 1121 3148 1252 3234; x_wconf 84' lang='lat' dir='ltr'><strong>accidit,</strong></span> <span class='ocrx_word' id='word_1_173' title='bbox 1284 3147 1344 3236; x_wconf 88' lang='lat' dir='ltr'><strong>qni</strong></span> 
     </span>
     <span class='ocr_line' id='line_1_25' title="bbox 308 3264 1343 3357; baseline 0.002 -25"><span class='ocrx_word' id='word_1_174' title='bbox 308 3279 489 3357; x_wconf 77' lang='lat' dir='ltr'><strong>praesumta</strong></span> <span class='ocrx_word' id='word_1_175' title='bbox 521 3267 671 3357; x_wconf 89' lang='lat' dir='ltr'><strong>opinione</strong></span> <span class='ocrx_word' id='word_1_176' title='bbox 700 3265 741 3334; x_wconf 90' lang='lat' dir='ltr'><strong>de</strong></span> <span class='ocrx_word' id='word_1_177' title='bbox 773 3267 957 3336; x_wconf 83' lang='lat' dir='ltr'><strong>huiuamodi</strong></span> <span class='ocrx_word' id='word_1_178' title='bbox 986 3268 1215 3357; x_wconf 73' lang='lat' dir='ltr'><strong>particularum</strong></span> <span class='ocrx_word' id='word_1_179' title='bbox 1244 3264 1282 3334; x_wconf 79' lang='lat' dir='ltr'><strong>vi</strong></span> <span class='ocrx_word' id='word_1_180' title='bbox 1309 3281 1343 3334; x_wconf 89' lang='lat' dir='ltr'><strong>et</strong></span> 
     </span>
     <span class='ocr_line' id='line_1_26' title="bbox 308 3383 1344 3476; baseline 0.001 -27"><span class='ocrx_word' id='word_1_181' title='bbox 308 3397 461 3472; x_wconf 77' lang='lat' dir='ltr'><strong>potestate</strong></span> <span class='ocrx_word' id='word_1_182' title='bbox 487 3385 584 3450; x_wconf 84' lang='lat' dir='ltr'><strong>facile</strong></span> <span class='ocrx_word' id='word_1_183' title='bbox 610 3384 763 3454; x_wconf 80' lang='lat' dir='ltr'><strong>indicent.</strong></span> <span class='ocrx_word' id='word_1_184' title='bbox 814 3385 880 3454; x_wconf 84' lang='lat' dir='ltr'><strong>Sed</strong></span> <span class='ocrx_word' id='word_1_185' title='bbox 907 3411 951 3453; x_wconf 86' lang='lat' dir='ltr'><strong>ex</strong></span> <span class='ocrx_word' id='word_1_186' title='bbox 975 3386 1120 3475; x_wconf 73' lang='lat' dir='ltr'><strong>ipsarum</strong></span> <span class='ocrx_word' id='word_1_187' title='bbox 1147 3383 1344 3476; x_wconf 77' lang='lat' dir='ltr'><strong>etymologia</strong></span> 
     </span>
     <span class='ocr_line' id='line_1_27' title="bbox 309 3500 1343 3594; baseline -0.001 -28"><span class='ocrx_word' id='word_1_188' title='bbox 309 3501 417 3591; x_wconf 77' lang='lat' dir='ltr'><strong>potius</strong></span> <span class='ocrx_word' id='word_1_189' title='bbox 443 3513 474 3566; x_wconf 90' lang='lat' dir='ltr'><strong>et</strong></span> <span class='ocrx_word' id='word_1_190' title='bbox 498 3500 651 3588; x_wconf 83' lang='lat' dir='ltr'><strong>primaria</strong></span> <span class='ocrx_word' id='word_1_191' title='bbox 671 3503 820 3588; x_wconf 88' lang='lat' dir='ltr'><strong>notione,</strong></span> <span class='ocrx_word' id='word_1_192' title='bbox 842 3505 1015 3594; x_wconf 84' lang='lat' dir='ltr'><strong>particulae</strong></span> <span class='ocrx_word' id='word_1_193' title='bbox 1033 3505 1185 3588; x_wconf 87' lang='lat' dir='ltr'><strong>ouiuaqne</strong></span> <span class='ocrx_word' id='word_1_194' title='bbox 1203 3501 1343 3566; x_wconf 83' lang='lat' dir='ltr'><strong>faculta-</strong></span> 
     </span>
     <span class='ocr_line' id='line_1_28' title="bbox 310 3603 1343 3713; baseline 0.008 -29"><span class='ocrx_word' id='word_1_195' title='bbox 310 3633 376 3685; x_wconf 87' lang='lat' dir='ltr'><strong>tem</strong></span> <span class='ocrx_word' id='word_1_196' title='bbox 402 3633 433 3685; x_wconf 91' lang='lat' dir='ltr'><strong>et</strong></span> <span class='ocrx_word' id='word_1_197' title='bbox 460 3617 670 3706; x_wconf 88' lang='lat' dir='ltr'><strong>multiplicem</strong></span> <span class='ocrx_word' id='word_1_198' title='bbox 697 3643 791 3688; x_wconf 81' lang='lat' dir='ltr'><strong>uem</strong></span> <span class='ocrx_word' id='word_1_199' title='bbox 816 3621 1059 3712; x_wconf 73' lang='lat' dir='ltr'><strong>perspiciemus,</strong></span> <span class='ocrx_word' id='word_1_200' title='bbox 1080 3638 1112 3688; x_wconf 85' lang='lat' dir='ltr'><strong>et</strong></span> <span class='ocrx_word' id='word_1_201' title='bbox 1131 3603 1277 3713; x_wconf 80' lang='lat' dir='ltr'><strong>qhienam</strong></span> <span class='ocrx_word' id='word_1_202' title='bbox 1296 3650 1343 3694; x_wconf 85' lang='lat' dir='ltr'><strong>ex</strong></span> 
     </span>
     <span class='ocr_line' id='line_1_29' title="bbox 310 3733 1341 3834; baseline 0.007 -31"><span class='ocrx_word' id='word_1_203' title='bbox 310 3733 447 3823; x_wconf 75' lang='lat' dir='ltr'><strong>singulis</strong></span> <span class='ocrx_word' id='word_1_204' title='bbox 472 3736 586 3803; x_wconf 82' lang='lat' dir='ltr'><strong>medua</strong></span> <span class='ocrx_word' id='word_1_205' title='bbox 613 3750 644 3802; x_wconf 91' lang='lat' dir='ltr'><strong>et</strong></span> <span class='ocrx_word' id='word_1_206' title='bbox 674 3739 856 3824; x_wconf 88' lang='lat' dir='ltr'><strong>effioacitaa,</strong></span> <span class='ocrx_word' id='word_1_207' title='bbox 885 3755 941 3808; x_wconf 88' lang='lat' dir='ltr'><strong>aut</strong></span> <span class='ocrx_word' id='word_1_208' title='bbox 966 3738 1030 3805; x_wconf 85' lang='lat' dir='ltr'><strong>alie</strong></span> <span class='ocrx_word' id='word_1_209' title='bbox 1051 3743 1186 3829; x_wconf 75' lang='lat' dir='ltr'><strong>qualitas</strong></span> <span class='ocrx_word' id='word_1_210' title='bbox 1205 3742 1341 3834; x_wconf 60' lang='lat' dir='ltr'><strong>plagulis</strong></span> 
     </span>
     <span class='ocr_line' id='line_1_30' title="bbox 311 3852 1342 3950; baseline 0.013 -32"><span class='ocrx_word' id='word_1_211' title='bbox 311 3852 523 3922; x_wconf 75' lang='lat' dir='ltr'><strong>locutionibus</strong></span> <span class='ocrx_word' id='word_1_212' title='bbox 551 3867 582 3920; x_wconf 88' lang='lat' dir='ltr'><strong>et</strong></span> <span class='ocrx_word' id='word_1_213' title='bbox 609 3877 720 3922; x_wconf 86' lang='lat' dir='ltr'><strong>earum</strong></span> <span class='ocrx_word' id='word_1_214' title='bbox 746 3856 899 3923; x_wconf 75' lang='lat' dir='ltr'><strong>memhris</strong></span> <span class='ocrx_word' id='word_1_215' title='bbox 926 3857 1071 3943; x_wconf 80' lang='lat' dir='ltr'><strong>accedat,</strong></span> <span class='ocrx_word' id='word_1_216' title='bbox 1097 3877 1182 3928; x_wconf 86' lang='lat' dir='ltr'><strong>eerta</strong></span> <span class='ocrx_word' id='word_1_217' title='bbox 1203 3861 1342 3950; x_wconf 74' lang='lat' dir='ltr'><strong>quadan</strong></span> 
     </span>
     <span class='ocr_line' id='line_1_31' title="bbox 310 3969 1341 4066; baseline 0.011 -28"><span class='ocrx_word' id='word_1_218' title='bbox 310 3969 433 4038; x_wconf 90' lang='lat' dir='ltr'><strong>ratione</strong></span> <span class='ocrx_word' id='word_1_219' title='bbox 450 3971 675 4059; x_wconf 76' lang='lat' dir='ltr'><strong>intelligemur.</strong></span> <span class='ocrx_word' id='word_1_220' title='bbox 717 3973 840 4042; x_wconf 83' lang='lat' dir='ltr'><strong>Verum</strong></span> <span class='ocrx_word' id='word_1_221' title='bbox 854 3974 1021 4064; x_wconf 89' lang='lat' dir='ltr'><strong>eumipeae</strong></span> <span class='ocrx_word' id='word_1_222' title='bbox 1031 3977 1341 4066; x_wconf 67' lang='lat' dir='ltr'><strong>particulareme,</strong></span> 
     </span>
     <span class='ocr_line' id='line_1_32' title="bbox 311 4090 1340 4183; baseline 0.008 -29"><span class='ocrx_word' id='word_1_223' title='bbox 311 4105 436 4178; x_wconf 85' lang='lat' dir='ltr'><strong>praeter</strong></span> <span class='ocrx_word' id='word_1_224' title='bbox 462 4111 597 4179; x_wconf 81' lang='lat' dir='ltr'><strong>paneae,</strong></span> <span class='ocrx_word' id='word_1_225' title='bbox 627 4090 711 4157; x_wconf 88' lang='lat' dir='ltr'><strong>nihil</strong></span> <span class='ocrx_word' id='word_1_226' title='bbox 738 4115 906 4160; x_wconf 77' lang='lat' dir='ltr'><strong>commune</strong></span> <span class='ocrx_word' id='word_1_227' title='bbox 931 4091 1014 4160; x_wconf 87' lang='lat' dir='ltr'><strong>inter</strong></span> <span class='ocrx_word' id='word_1_228' title='bbox 1041 4119 1075 4164; x_wconf 84' lang='lat' dir='ltr'><strong>ee</strong></span> <span class='ocrx_word' id='word_1_229' title='bbox 1100 4098 1255 4182; x_wconf 89' lang='lat' dir='ltr'><strong>haheant,</strong></span> <span class='ocrx_word' id='word_1_230' title='bbox 1276 4119 1340 4183; x_wconf 87' lang='lat' dir='ltr'><strong>qno</strong></span> 
     </span>
     <span class='ocr_line' id='line_1_33' title="bbox 310 4205 1342 4307; baseline 0.004 -33"><span class='ocrx_word' id='word_1_231' title='bbox 310 4209 411 4276; x_wconf 86' lang='lat' dir='ltr'><strong>altera</strong></span> <span class='ocrx_word' id='word_1_232' title='bbox 444 4209 485 4274; x_wconf 88' lang='lat' dir='ltr'><strong>ah</strong></span> <span class='ocrx_word' id='word_1_233' title='bbox 519 4209 619 4276; x_wconf 86' lang='lat' dir='ltr'><strong>altere</strong></span> <span class='ocrx_word' id='word_1_234' title='bbox 650 4209 800 4299; x_wconf 88' lang='lat' dir='ltr'><strong>pendeat,</strong></span> <span class='ocrx_word' id='word_1_235' title='bbox 832 4205 895 4295; x_wconf 87' lang='lat' dir='ltr'><strong>ita,</strong></span> <span class='ocrx_word' id='word_1_236' title='bbox 926 4227 962 4280; x_wconf 87' lang='lat' dir='ltr'><strong>ut</strong></span> <span class='ocrx_word' id='word_1_237' title='bbox 982 4239 1047 4283; x_wconf 87' lang='lat' dir='ltr'><strong>una</strong></span> <span class='ocrx_word' id='word_1_238' title='bbox 1067 4241 1133 4286; x_wconf 90' lang='lat' dir='ltr'><strong>non</strong></span> <span class='ocrx_word' id='word_1_239' title='bbox 1154 4215 1252 4307; x_wconf 72' lang='lat' dir='ltr'><strong>poerit</strong></span> <span class='ocrx_word' id='word_1_240' title='bbox 1272 4212 1342 4283; x_wconf 86' lang='lat' dir='ltr'><strong>aine</strong></span> 
     </span>
    </p>
   </div>
   <div class='ocr_carea' id='block_1_6' title="bbox 0 0 1430 4842">
    <p class='ocr_par' dir='ltr' id='par_1_7' title="bbox 0 0 1430 4842">
     <span class='ocr_line' id='line_1_34' title="bbox 0 0 1430 4842; baseline 0 1"><span class='ocrx_word' id='word_1_241' title='bbox 0 0 1430 4842; x_wconf 95' lang='lat' dir='ltr'><strong> </strong></span> 
     </span>
    </p>
   </div>
  </div>
 </body>
</html>
