2850 4842
286 460 353 532 2⁶0
600 552 603 558 Α
761 454 885 546 pap·

109 632 270 719 Γαροῦμδῇ,
371 624 407 691 Si
429 626 546 703 quando
568 625 605 687 ad
625 624 781 701 particulae
801 618 865 709 γὰρ
886 612 945 689 οὖν
966 623 1100 685 adiicitur
1117 628 1263 702 particula
1282 622 1336 713 δή,

288 712 455 775 adfinuatnr
482 732 528 771 rea
557 712 646 773 etiam
671 714 811 785 temporie
834 707 1004 769 condicione
1032 712 1197 785 aignilicata
1218 734 1255 772 eo
1276 736 1337 789 quo

288 819 374 875 supra
394 796 520 857 vidimus
541 794 628 853 modo
649 796 682 853 in
703 792 851 869 particulis
872 788 936 875 γὰρ
952 785 1004 875 δή.
1044 791 1096 853 Sic
1108 794 1338 857 raaauelabet

286 884 319 941 iu
347 880 480 941 Platonis
509 880 561 939 lib.
583 874 626 937 V.
653 879 687 936 da
707 898 739 937 re
759 876 870 957 publico
897 874 975 935 l'art.
995 875 1052 937 ΠΙ.
1077 880 1137 939 rol.
1159 878 1184 939 l.
1203 902 1232 954 p.
1256 886 1336 948 266.

288 964 334 1027 ed.
357 962 456 1023 Bell.
477 984 507 1036 p.
530 966 602 1021 476.
625 959 672 1019 cd.
695 959 737 1019 Η.
755 958 857 1034 steph.
882 956 966 1036 Ἔχει
992 957 1056 1043 γὰρ
1084 951 1142 1025 οὖν
1168 957 1224 1045 δή,
1253 956 1335 1047 ἔφη,

288 1042 404 1120 οὕτως.
444 1044 491 1105 11ιί
513 1046 609 1120 enim,
623 1047 687 1117 ⁸qui
709 1045 854 1119 explicata
874 1040 1001 1101 Socratis
1021 1048 1272 1120 argumentatione
1292 1049 1338 1105 ita

286 1130 446 1190 adsentitur
468 1126 595 1203 Glauco,
617 1139 648 1185 ut
670 1128 764 1191 dicata
791 1121 961 1210 Ἔχειγᾶρ
984 1116 1042 1194 οὖν
1064 1123 1249 1269 διὶοῧτως,
1271 1134 1336 1204 prl-

286 1234 366 1273 tnum
390 1212 507 1287 quidem
526 1232 588 1269 rem
609 1212 696 1271 rebus
717 1214 760 1270 ita
784 1212 956 1284 comparatio
977 1213 1018 1269 ita
1041 1231 1072 1271 aa
1117 1214 1205 1272 abere
1228 1216 1281 1286 ait,
1302 1214 1335 1272 id

287 1297 366 1372 quod
396 1316 449 1374 per
477 1295 650 1369 particulam
680 1289 743 1377 γὰρ
773 1293 915 1366 declarat,
950 1293 1057 1353 deinde
1086 1300 1245 1354 accuratius
1269 1316 1336 1365 rena

179 1420 187 1439 .
287 1384 375 1441 etiam
403 1380 492 1439 refert
515 1378 552 1437 ad
578 1380 627 1452 id,
657 1378 736 1451 quod
756 1399 832 1437 nuno
853 1378 971 1454 agatur,
1001 1377 1080 1452 quod
1101 1380 1170 1440 lacit
1191 1381 1335 1453 particula

287 1454 356 1538 οὖν,
380 1463 506 1537 denique
526 1464 613 1521 etiam
629 1460 684 1521 ltoc
705 1461 853 1535 significat
871 1460 1003 1520 tribilion
1023 1464 1081 1520 iam
1093 1465 1134 1519 ita
1147 1462 1336 1535 exploratum

285 1548 391 1618 uideri,
414 1558 445 1604 ut
466 1566 515 1604 rea
537 1547 623 1619 quasi
644 1541 786 1605 transacta
807 1564 870 1603 case
890 1542 1033 1619 videatur,
1054 1546 1085 1603 id
1107 1546 1185 1620 quod
1205 1546 1337 1622 deniqne

285 1630 402 1693 denotat
422 1630 562 1704 particula
583 1622 634 1711 δή.
677 1627 740 1693 Nec
761 1628 821 1687 alia
843 1648 945 1689 caussa
966 1638 1008 1687 est
1031 1628 1149 1697 alterius
1169 1629 1245 1705 loci,
1272 1652 1336 1704 quo

286 1734 354 1773 usna
377 1724 421 1773 eat
444 1710 663 1788 Hoogcrecuua
681 1734 711 1785 p.
737 1718 805 1770 107.
831 1712 877 1771 ed.
896 1709 1027 1785 Scliitz.‚
1052 1732 1091 1771 ex
1114 1712 1243 1772 ciusdem
1265 1712 1336 1772 Pla-

286 1800 363 1857 tonia
391 1797 444 1855 lib.
474 1797 507 1855 tle
537 1797 641 1871 lapidata
669 1793 725 1853 ΙΙΙ.
756 1794 834 1852 Part.
854 1790 910 1853 lll.
933 1796 992 1857 vul.
1014 1794 1057 1853 ll.
1077 1818 1107 1870 p.
1130 1802 1192 1854 288
1213 1818 1260 1871 sq.
1285 1798 1335 1857 ed.

285 1880 385 1941 Bckk.
406 1902 437 1954 p.
461 1885 532 1939 682.
555 1880 596 1937 A.
620 1877 665 1937 ed.
688 1877 730 1936 H.
753 1876 856 1953 Steph.
887 1874 995 1958 Λέγει
1016 1872 1078 1960 γάρ
1100 1876 1139 1962 δὴ
1163 1881 1268 1943 ταῦτα
1288 1877 1333 1942 τὰ

287 1958 352 2046 ἔπη
375 1959 431 2025 καὶ
453 1958 561 2027 ἐκεῖνα
584 1951 605 2024 ll
627 1957 707 2043 περὶ
728 1962 793 2022 τῶν
806 1955 1002 2023 Κυκλώπων
1019 1954 1131 2045 εἴρηκε
1147 1958 1233 2024 κατὰ
1248 1957 1336 2025 oasin

286 2068 360 2121 πως
389 2038 545 2127 εἰρημένα
573 2040 634 2105 καὶ
658 2038 743 2106 κατὰ
770 2037 887 2125 φύσιν·
918 2046 1021 2105 θεῖον
1042 2041 1106 2125 γὰρ
1132 2033 1191 2106 oda
1211 2042 1252 2129 δὴ
1275 2043 1336 2109 καὶ

286 2126 325 2193 τὸ
354 2122 528 2210 ποιητικὸν
555 2122 800 2227 [tantunaco]
826 2120 866 2188 ’dv
891 2123 984 2206 γένος
1004 2120 1176 2211 ὑμνῳδοῦν
1197 2126 1335 2195 πολλῶν

286 2212 352 2275 τῶν
392 2201 465 2273 κατ’
502 2200 665 2293 ἀληθειαν
698 2204 895 2289 γιγνομένων
926 2203 983 2285 ξύν
1013 2231 1082 2273 τισι
1114 2204 1244 2295 Χάρισι
1275 2207 1334 2283 καὶ

286 2288 446 2368 Μούσαις
467 2287 655 2377 ἐφάπτεται
677 2284 843 2355 ἑκάστοτε.

369 2376 463 2437 Porro
486 2380 511 2434 si
532 2386 747 2450 componuntur
761 2376 918 2449 particulae
935 2368 999 2458 γάρ
1012 2397 1092 2451 που,
1111 2397 1169 2434 non
1184 2379 1335 2452 mitigatur

286 2469 336 2521 aut
365 2461 537 2534 infringitur
563 2462 609 2517 via
631 2458 812 2519 adfirmative
834 2460 993 2532 particulae
1013 2451 1094 2542 γάρ,
1125 2463 1168 2519 uti
1188 2482 1335 2537 gramma·

285 2547 349 2601 ticio
374 2542 545 2617 quibusdam
566 2546 659 2600 visun
681 2551 737 2616 eat,
758 2563 860 2601 verum
880 2542 912 2599 id
931 2543 1061 2616 quidem,
1082 2542 1196 2617 dequo
1217 2544 1334 2620 dicitur,

283 2647 345 2687 non
367 2628 463 2683 minus
485 2646 572 2699 quiam
584 2625 721 2698 simplici
741 2621 804 2725 γὰρ
820 2627 960 2701 particula
973 2629 1062 2685 etiam
1078 2633 1138 2689 tuna
1150 2626 1332 2703 adfirmatur,

285 2709 363 2784 quod
382 2718 477 2767 autem
498 2708 641 2767 adiectum
662 2714 706 2767 est
729 2730 814 2783 nou,
839 2731 929 2783 quom
948 2730 966 2766 a
986 2713 1132 2784 principio
1151 2710 1335 2783 significaret

283 2794 396 2863 alicubi,
418 2792 450 2851 id
470 2813 540 2851 mox
561 2812 578 2851 a
596 2792 654 2850 loci
673 2792 888 2868 significatione
908 2793 1078 2851 translatum
1095 2801 1140 2852 eat
1151 2794 1188 2851 ad
1200 2792 1334 2870 modum,

283 2896 342 2949 quo
370 2876 419 2949 id,
447 2876 524 2951 quod
545 2876 689 2935 diceretur
713 2896 793 2950 asae,
815 2898 880 2935 aeae
899 2876 1007 2937 habere
1027 2876 1185 2944 videratur.
1227 2876 1335 2953 ltaque

281 2958 338 3019 hoc
371 2958 474 3017 dicitnr
510 2962 668 3021 coniunctis
700 2961 764 3020 istie
793 2962 958 3033 particuliaa
999 2964 1078 3019 Num
1109 2961 1206 3037 uliqw
1237 2962 1331 3031 modo,

282 3044 475 3119 ataaauliquo
502 3046 594 3109 modo.
636 3041 721 3103 latnd
743 3053 840 3105 cirtem
863 3038 1064 3121 pliqud‘ntodo
1085 3041 1259 3103 Latinorum
1281 3054 1335 3103 aut

283 3124 464 3187 Graecorum
489 3123 556 3190 ποὺ
580 3147 640 3184 non
665 3136 725 3185 tam
746 3129 874 3201 pertinet
893 3127 930 3185 ad
950 3126 992 3202 id,
1014 3128 1115 3202 quod
1137 3148 1185 3186 res
1210 3130 1257 3199 ait,
1278 3129 1333 3186 ced

283 3231 354 3284 quo
378 3210 482 3268 modo
506 3212 554 3269 ait.
597 3208 687 3288 Quod
706 3230 794 3285 quom
815 3213 857 3269 ita
878 3214 934 3285 ait,
954 3231 1015 3269 nou
1036 3221 1094 3268 tam
1114 3208 1171 3269 hoc
1188 3214 1331 3271 incertum

281 3292 316 3351 fit
340 3292 450 3353 adiecta
478 3294 530 3352 illa
557 3314 648 3368 voce,
674 3312 845 3368 auserem,
874 3294 925 3353 aed
953 3292 1027 3352 illud
1055 3297 1152 3369 potius
1179 3296 1209 3353 in
1229 3294 1329 3352 medio

282 3376 475 3453 relinquitur,
498 3398 569 3451 qno
593 3375 698 3435 modo
721 3396 783 3449 res,
803 3376 839 3437 de
861 3398 918 3453 qua
939 3377 1122 3452 praedicatur
1144 3378 1267 3452 aliquid,
1287 3380 1331 3437 ita

282 3472 445 3531 comparata
473 3480 536 3519 esca
563 3460 705 3519 rideatur.
749 3458 799 3519 Ao
827 3472 937 3519 tantum
962 3462 1061 3538 abest,
1092 3472 1124 3519 ut
1146 3462 1333 3524 adfirmatira

281 3544 439 3621 particulae
463 3539 525 3626 γὰρ
550 3545 595 3603 via
615 3544 793 3620 infringatur
812 3543 869 3604 hoc
888 3544 993 3620 modo,
1021 3554 1052 3604 ut
1075 3545 1333 3624 interdum'etiam

281 3626 418 3702 adaugeri
440 3628 582 3687 videatur.
625 3622 702 3687 Nam
725 3627 801 3703 quod
822 3651 939 3705 quoquo
961 3628 1046 3688 modo
1069 3633 1117 3705 ait,
1144 3642 1241 3687 tamen
1263 3642 1336 3688 eaae'

281 3709 465 3785 adfirmatur,
486 3711 517 3770 id
537 3712 643 3771 lortius
662 3732 728 3771 esse
749 3712 868 3789 dicitur,
890 3734 976 3788 quam
1000 3715 1026 3771 si
1051 3717 1161 3772 omisca
1183 3716 1240 3771 ista
1259 3734 1331 3770 con·

244 3858 251 3869 ,
281 3794 396 3851 dicione
423 3795 592 3869 simpliciter
615 3815 678 3854 esse
702 3795 822 3859 dicatur.
865 3793 925 3855 Set
946 3796 1090 3871 quidquid
1109 3796 1141 3857 id
1160 3806 1222 3871 eet,
1250 3796 1332 3870 quod

279 3877 420 3953 particula
442 3872 511 3938 ποὺ
532 3878 725 3953 significatur,
748 3902 807 3953 qna
829 3880 865 3939 de
890 3901 922 3939 ra
941 3900 996 3940 uuo
1017 3880 1081 3941 loco
1103 3884 1260 3940 accuratius
1286 3878 1331 3937 di·

280 3970 371 4033 cetur,
391 3966 468 4019 certe
488 3982 548 4019 nou
568 3960 646 4019 ualet
667 3960 704 4019 ad
724 3963 929 4023 infirmandam
947 3964 1189 4023 adfirmatioucm.
1231 3961 1277 4023 lta
1295 3966 1330 4021 in

279 4047 318 4105 iia
340 4046 428 4119 locis,
449 4065 524 4120 quoa
545 4044 761 4122 Hoogevecnus
784 4072 811 4123 p.
837 4054 898 4111 107
916 4069 962 4122 aq.
985 4047 1138 4124 adposuit,
1159 4055 1192 4105 ut
1212 4048 1327 4120 opinio-.

279 4149 348 4187 nem
363 4150 457 4189 -anam
484 4133 700 4207 comprobarat,
730 4132 807 4190 niltil
834 4134 897 4191 cina
926 4132 1022 4208 modi,
1050 4132 1130 4207 quod
1151 4132 1240 4191 voluit
1258 4127 1329 4203 ille,

280 4216 453 4271 continetur.
497 4212 545 4274 Ac
566 4219 693 4288 primum
717 4217 834 4289 quidem
857 4218 889 4274 in
911 4214 1039 4275 Platonis
1057 4211 1285 4275 Plcuedrol’arl.
1301 4210 1333 4274 l.

171 4315 174 4323 ·
280 4294 340 4351 ucl.
361 4292 387 4357 1.
410 4314 439 4367 p.
463 4302 514 4360 98.
538 4299 584 4362 cd.
604 4298 703 4367 Bekk.
724 4302 842 4383 pm.
863 4299 911 4367 ed.
929 4298 1102 4382 asaph„
1123 4301 1174 4362 uti
1194 4294 1339 4365 Socraten
