2850 4842
514 416 667 528 arcta
779 531 781 538 ,
1048 432 1147 524 oro'

58 627 148 699 loeis,
171 639 247 698 quos
272 615 361 678 Arati
385 616 553 677 adtulerunt
571 622 758 697 grammatici,
782 626 813 679 ut
835 615 972 683 docerent
993 615 1113 691 αὐτίκα

60 710 143 770 idern
164 727 231 769 ease
251 702 336 779 ‘qnod
357 690 469 779 αὖθις,
491 724 521 763 v.
546 707 618 762 880.
643 708 785 774 (Dioren.
807 726 838 766 r.
862 711 950 777 148.)
1176 710 1182 718 “

237 835 362 887 'turco
380 830 420 902 d',
438 828 455 899 ἢ
473 830 605 903 aindoma,
624 830 641 901 ἢ
660 833 759 889 αὐτίκα
779 837 947 907 δυομένοιο.,

65 958 214 1035 quomodo
240 953 459 1017 etiarn-Latine
480 956 573 1017 dieas:
607 968 657 1019 not
682 963 788 1018 oriente
810 968 862 1018 out
883 978 953 1019 otoo>
974 961 1114 1020 occidente

63 1046 140 1115 soie,
169 1045 214 1101 ita
240 1049 338 1101 tamen
360 1048 392 1099 nt
412 1061 510 1115 neque
531 1032 651 1103 αὐτίκα
672 1064 770 1119 neque
791 1063 861 1103 moa
877 1045 1032 1117 pristinam
1052 1048 1114 1104 vim

64 1149 150 1188 suam
172 1145 296 1202 prorsus
318 1131 419 1200 exuat,
441 1134 470 1183 et
491 1146 520 1185 v.
546 1126 626 1185 1075
649 1147 693 1201 sq.
716 1132 858 1200 (Diouem.
879 1148 909 1188 v.
933 1133 994 1187 34³
1016 1132 1082 1204 sq.)

219 1258 321 1342 {alpes
340 1256 387 1307 καὶ
404 1251 532 1339 γεράνωιζ
549 1256 660 1345 dps‘icqc
679 1254 782 1329 ὡραῖος
798 1254 929 1329 ἀροτρεὺς

213 1342 307 1397 Ἰωριον
325 1324 501 1396 ἒρχομέναις·
519 1342 533 1377 o
552 1326 570 1378 d
600 1323 701 1399 ἅωριος
718 1323 815 1378 αὐτίκα
831 1328 949 1397 μᾶλλον.

66 1446 147 1508 Nam
169 1467 206 1507 ue
225 1445 282 1505 hoo
303 1445 419 1521 quidem
440 1447 504 1506 loco
524 1446 610 1506 credo
633 1467 688 1523 ego
711 1438 931 1512 cdctxaidam
951 1450 1114 1523 essequod

68 1522 273 1679 &31¹3de
300 1532 378 1593 ineat
403 1533 447 1591 ibi
475 1552 594 1619 qnoque
617 1534 757 1610 temporis
776 1534 919 1647 instantis
937 1532 1113 1610 significatio

466 1788 739 1875 Αὐτός..
832 1882 835 1891 Ι

152 1962 319 2025 Pronomen
351 1955 468 2041 αὗτός,
500 1965 577 2043 quod
607 1964 734 2025 dubitari
762 1986 822 2024 non
850 1970 947 2041 potest
976 1969 1049 2042 quin
1077 1967 1113 2026 ab
1129 1972 1229 2037 Αὐτός.

71 2038 111 2113 αὖ
150 2050 294 2125 particula
332 2049 495 2125 proiectum
535 2053 573 2109 sit
606 2050 740 2109 adiuncta
773 2054 955 2124 pronominis
994 2050 1151 2145 demon·l>
1179 2096 1242 2149 ,⁶¹

70 2136 184 2193 atrativi
224 2134 457 2210 significatione,
497 2154 573 2208 per·
592 2154 625 2194 ae
658 2133 735 2193 nihil
767 2134 847 2193 aliud
878 2134 1025 2209 significat
1054 2136 1115 2194 nisi
1153 2130 1161 2146 '
1243 2114 1268 2165 ‘¹‘

70 2236 172 2279 mestre
200 2216 236 2276 de
266 2239 320 2295 eo,
353 2221 419 2293 qui*
435 2227 483 2276 aut
515 2225 754 2281 commemoratus
789 2225 875 2277 antea
905 2226 950 2275 est
981 2226 1051 2291 ant,
1083 2226 1115 2276 ut

71 2304 169 2359 omnis
200 2306 291 2363 oratio
323 2313 486 2378 comparata
518 2310 581 2376 eat,
618 2302 784 2361 necessario
815 2307 859 2360 est
889 2299 1114 2376 intellegendus,

73 2385 143 2443 dici.
194 2383 228 2445 Id
262 2408 351 2462 quom
382 2407 471 2461 saepe
503 2406 625 2446 numero
655 2388 699 2444 ita
729 2384 835 2459 fieret,
876 2397 907 2442 ut
939 2387 1009 2458 quia
1040 2385 1114 2443 alins

71 2489 233 2545 personae,
260 2493 318 2545 quo
342 2469 393 2547 id,
421 2470 499 2545 qnod
527 2469 690 2545 diceretur,
721 2468 828 2529 referri
854 2477 975 2543 posset,
1005 2472 1115 2529 mentio

70 2553 154 2611 nulla
179 2556 255 2614 faeta
279 2564 373 2629 esset,
404 2557 468 2613 sine
496 2554 557 2613 ulla
586 2554 771 2629 oppositione
800 2554 845 2628 is,
871 2552 906 2612 de
935 2575 993 2627 quo
1018 2573 1115 2613 sermo

70 2639 191 2714 inisset,
220 2660 255 2698 eo
282 2641 455 2713 pronomine
482 2639 713 2714 significaretur,
743 2637 831 2696 facile
858 2640 973 2711 evenit,
1003 2647 1034 2695 ut
1059 2635 1115 2697 lroc

70 2742 234 2798 pronomen
261 2724 412 2783 fortiorem
440 2724 542 2798 istam,
565 2719 724 2797 'quamne
751 2723 837 2780 initio
865 2718 986 2796 habuit,
1011 2721 1115 2781 dietin-

71 2804 187 2882 gnendi
216 2805 275 2865 rim
302 2828 333 2865 ae
362 2815 533 2881 potestatem
556 2810 701 2866 omitteret
725 2826 759 2863 ac
781 2814 893 2863 tantum
912 2805 999 2864 modo
1022 2808 1116 2879 signi·

70 2891 197 2963 ficeret,
222 2910 305 2963 quem
326 2890 500 2957 admodum
520 2892 598 2964 quod
620 2890 765 2948 diceretur
787 2889 824 2946 ad
844 2899 950 2947 certam
969 2891 1116 2965 quandam

72 2993 233 3049 personam
261 2974 445 3033 reserandum
472 2985 558 3033 esset.
603 2972 691 3049 Quod
719 2993 807 3044 quom
834 2974 877 3029 ita
897 2980 990 3045 esset,
1018 2992 1116 3047 nequa

72 3078 159 3118 casus
185 3060 379 3117 nominativus
405 3062 468 3117 eina
492 3058 676 3131 pronominis
698 3056 771 3127 poni
791 3062 922 3128 poterat,
950 3054 1029 3127 quod
1049 3077 1116 3129 per·

73 3162 163 3201 sonae
185 3136 374 3218 significatio,
394 3145 453 3201 nisi
472 3144 496 3200 si
519 3140 588 3216 quid
610 3160 674 3197 oum
696 3140 881 3211 oppositione
903 3138 1027 3211 quadam
1040 3146 1118 3197 esset
1170 3200 1175 3206 ,

73 3226 270 3300 efferendum,
298 3228 357 3283 iarn
385 3228 419 3284 in
446 3228 513 3299 ipsa
542 3226 626 3283 verbi
651 3222 747 3280 sonna
776 3220 991 3292 continebatur,
1019 3240 1117 3295 neque

74 3312 160 3368 ceteri
193 3311 377 3383 pronominis
407 3328 508 3379 casus,
539 3309 590 3383 qui
612 3314 788 3382 propterea,
817 3293 898 3376 qnod
918 3302 1021 3362 relatio
1042 3324 1117 3379 qnae

72 3395 156 3451 tieret
177 3393 368 3469 significanda
385 3404 455 3468 erat,
477 3391 592 3451 dicendi
605 3388 813 3449 consuetudine
827 3387 1035 3463 retinebantur,
1056 3409 1118 3447 uon

72 3486 210 3551 poterant
236 3478 369 3536 obtinere
395 3479 454 3535 nisi
481 3475 620 3535 secundas
643 3472 783 3549 quasdam
804 3481 901 3545 partes
921 3473 954 3530 in
978 3474 1118 3549 oratione,
1169 3479 1178 3491 '

74 3569 105 3618 nt
137 3581 235 3635 neque
270 3556 367 3635 primo
407 3563 550 3621 enuntiati
587 3560 649 3618 loco
683 3562 863 3632 ponerentur
902 3564 931 3613 et
960 3557 992 3616 in
1022 3558 1119 3617 media
1167 3567 1171 3571 ’

72 3648 216 3703 sententia
248 3648 289 3703 ita
322 3655 422 3720 tamen
449 3665 565 3719 semper
596 3643 815 3714 delitescerent,
845 3647 878 3696 ut
909 3659 969 3696 non
998 3661 1119 3715 magno·

71 3748 142 3802 pere
162 3737 314 3789 exstarent
334 3732 404 3804 ipsi.
449 3727 488 3789 Et
508 3729 563 3787 hac
586 3723 763 3802 quidemoda
779 3744 813 3783 re
826 3724 951 3798 amplius
966 3721 1120 3810 dicendum

73 3834 134 3871 uon
159 3820 213 3873 est.

158 3894 286 3976 Quoties
308 3903 406 3955 antem
427 3915 589 3971 pronomen
610 3883 711 3967 αὐτὸς
732 3899 849 3954 serrata
868 3894 963 3968 prima
981 3911 1014 3949 ao
1035 3898 1121 3950 natu·
1165 3898 1170 3909 “

70 3978 128 4039 reli
151 3980 367 4058 significatione
391 4000 443 4040 sna
462 3980 640 4055 ponebatur,
669 3998 767 4052 neque
788 3999 886 4036 casum
905 3977 1121 4035 nominativum

71 4084 172 4139 neque
196 4068 384 4139 conspicuum
411 4068 443 4123 in
472 4064 604 4123 oratioue
630 4062 726 4121 locum
754 4061 944 4135 repudiabat,
973 4079 1028 4117 neo
1055 4060 1121 4117 sine

70 4151 184 4207 maiore
208 4147 334 4225 quadarn
362 4150 555 4225 oppositionis
581 4153 630 4206 ant
650 4148 755 4205 tacitae
778 4153 828 4203 ant
849 4162 1007 4217 expressae
1028 4143 1121 4219 signi·

70 4232 210 4291 ficatione
244 4232 411 4308 dicebatur,
444 4234 488 4292 uti
520 4241 597 4293 recte
629 4230 795 4291 observavit
826 4226 974 4287 Duranius
1007 4247 1038 4300 p.
1068 4230 1119 4286 47.

69 4314 246 4393 Eademque
267 4318 459 4395 oppositionis
480 4318 555 4377 ratio
576 4306 737 4377 etiamtum
749 4311 940 4391 intellegitur,
961 4308 1121 4387 siquando
