2850 4842
570 446 665 541 γάρ.
737 516 743 545 ,
819 502 823 519 .
1074 458 1141 527 283

87 612 266 687 λαόιτοοιι
286 622 448 697 -leqeoerte
466 617 549 681 relue
567 622 610 679 ltu
633 625 808 699 oomporotle
827 626 918 685 αλλιιιιι
937 626 1050 689 teroem
1068 648 1138 701 enee,
1197 680 1201 687 .

90 709 184 769 aliare
202 706 329 775 λλόοτιιαι,
348 711 456 781 nutura
472 721 539 763 uero
555 703 627 763 ailll
641 702 765 777 differre,
783 711 880 785 ltaque
893 718 993 770 eontra
1004 719 1140 772 ιιολιιτοιιι

90 810 153 851 eeee
181 790 359 849 όοαιλτισιιαο
383 791 415 845 iu
442 804 563 845 aereum.
606 783 642 845 Si
666 785 774 848 Graeci
794 790 936 851 ultumum
956 802 1140 871 argumenta-

92 874 182 933 tienie
208 871 372 931 membrum
395 889 456 929 uon
482 869 546 928 iere
571 870 705 930 nolebant
727 872 822 946 ipaum
842 895 971 950 ponere,
995 886 1073 936 reete
1092 876 1139 937 illi

91 956 214 1032 quidem
243 962 422 1013 statuerunt:
455 972 531 1012 unua
563 956 642 1012 enim
674 956 816 1030 quiaque,
852 961 904 1031 qui
929 956 1002 1018 haee
1026 962 1168 1035 recitat,-

91 1060 185 1115 qnom
206 1038 299 1097 altere
320 1038 464 1096 sententie
484 1056 544 1095 non
561 1046 687 1110 ponatur
708 1040 767 1097 nisi
789 1042 894 1113 prioris
909 1062 1022 1118 nauata,
1043 1062 1139 1118 eaque
1174 1075 1177 1080 >

91 1126 182 1183 etiem
205 1122 344 1181 liberiore
367 1118 487 1194 quidem
511 1120 597 1179 moda
620 1122 832 1196 conclusionis,
860 1124 896 1183 de
918 1146 975 1199 quo
997 1148 1085 1201 supra
1104 1129 1139 1186 in

90 1206 239 1281 particula
260 1196 326 1287 ἄρα
347 1201 520 1277 explioenda
541 1203 681 1278 diximus,
703 1206 850 1264 reseratur
870 1206 906 1265 ad
927 1208 1138 1286 antecedentia,

93 1300 131 1349 nt
144 1296 283 1363 appareat
294 1308 352 1345 nou
365 1306 429 1345 ease
441 1284 515 1346 hano
527 1289 591 1345 eine
603 1290 700 1365 priore
711 1288 764 1346 illa
776 1292 889 1349 ratione
901 1291 1139 1368 intellegendam,

92 1373 244 1432 facillume
265 1370 387 1445 adsequi
406 1378 530 1446 poterat,
554 1391 643 1443 quem
663 1370 701 1429 ad
721 1372 839 1431 modum
860 1375 1027 1449 accipienda
1047 1374 1139 1434 verbe

91 1465 201 1515 essent.
243 1450 288 1530 ld,
309 1462 463 1530 postquam
484 1451 598 1513 dieen'di
616 1456 826 1530 consuetudine
839 1456 892 1515 ille
905 1457 1018 1517 dicendi
1033 1456 1138 1519 modun

90 1542 137 1599 ita
159 1547 312 1613 usurpatae
334 1545 407 1613 erat,
428 1545 461 1594 ut
482 1536 519 1595 ed
539 1557 669 1596 maenam
688 1538 865 1598 reddendam
887 1543 1067 1616 eaepiasurne
1088 1540 1139 1601 ad·

90 1621 253 1696 biberetur,
274 1623 316 1680 ita
337 1628 483 1695 receptum
499 1618 622 1681 Graecia
641 1622 710 1697 fnit,
732 1630 765 1680 ut
784 1623 909 1682 formula
930 1626 1030 1699 agnita
1050 1644 1137 1684 nemo

90 1705 254 1782 quidquam
283 1703 462 1764 desideraret
484 1724 517 1762 ao
540 1724 578 1763 ne
594 1698 707 1765 'tacitae
731 1705 847 1780 quidem
868 1706 1033 1783 suppleret,
1059 1727 1137 1782 quae

90 1790 281 1864 cogitatione,
298 1795 331 1846 ut
352 1808 398 1847 ree
418 1788 552 1863 intellegi
573 1796 684 1862 ponant,
706 1791 869 1849 neeeseerio
891 1792 962 1849 olim
981 1801 1066 1850 erent
1085 1789 1137 1849 ed·

91 1872 243 1933 sumenda.
287 1870 399 1931 Eodem
428 1870 514 1930 modo
545 1892 597 1947 ea,
628 1891 703 1945 quae
731 1874 765 1930 in
791 1874 844 1933 illo
870 1873 1042 1934 Aristotelio
1055 1874 1136 1934 »loeo

89 1960 151 2017 iem
181 1964 361 2030 sequnntur,
386 1954 463 2013 dicta
486 1963 571 2015 aaut:
602 1948 722 2039 διόπερ
751 1947 829 2020 οὐδὲ
851 1952 995 2021 δίκαιον·
1023 1950 1136 2037 βίαιον

89 2034 184 2123 peip„
215 2058 291 2113 quae
319 2041 346 2097 ei
366 2040 490 2112 primam
511 2040 654 2111 originem
676 2040 834 2112 particulae
855 2035 917 2123 γὰρ
939 2048 1066 2116 spectes,
1094 2044 1136 2099 ita

89 2124 163 2183 sere
180 2130 266 2181 erunt
289 2121 453 2181 reddendas
485 2122 577 2191 ίλτταοι
603 2121 636 2179 ol
661 2141 723 2181 rem
742 2142 777 2180 rte
797 2127 903 2180 ioelum
926 2124 1036 2199 quidem
1059 2129 1146 2194 (aare

90 2208 270 2266 dootiaotum
296 2211 328 2264 tn
356 2209 490 2274 eerooe)=
524 2204 676 2263 uiolentam
704 2204 878 2263 οοηοκοόιιτ
898 2208 941 2263 ito
964 2210 1138 2282 temporatia

91 2309 165 2359 erae,
186 2298 217 2347 ut
235 2289 390 2363 suppleant
411 2292 499 2365 igitar
516 2306 551 2345 οο
567 2291 671 2345 tostam
694 2286 805 2363 quidem
825 2305 892 2345 eeee.
935 2284 1005 2347 Non
1020 2307 1137 2366 vereor,

90 2392 134 2431 me
154 2374 221 2445 quie
239 2391 484 2447 supervacaneam
506 2368 581 2429 luaue
600 2367 637 2439 de
659 2371 755 2444 prima
772 2376 874 2443 nature
894 2370 1051 2444 particulae
1072 2366 1137 2456 γὰρ

92 2458 296 2531 qnaeetiauem
322 2474 386 2515 ease
416 2454 506 2514 dieat:
537 2473 635 2526 neque
656 2454 735 2511 enim
756 2472 809 2527 per
832 2472 864 2512 ae
881 2453 986 2513 inatile
1009 2463 1053 2513 eet
1070 2475 1137 2515 ver·

92 2542 196 2599 boram
216 2562 277 2598 non
293 2540 386 2597 solum
402 2537 639 2612 significationes,
662 2556 765 2596 verum
778 2538 866 2596 etiam
880 2558 994 2607 aenaeae
1006 2541 1137 2615 cognitae
1172 2560 1178 2573 ·

90 2620 202 2683 halere
227 2632 258 2684 at
282 2622 392 2699 singuli
412 2622 469 2679 loei
488 2620 626 2696 permulti
647 2619 795 2681 commoda
818 2621 951 2698 intellegi
973 2643 1034 2681 nou
1052 2630 1138 2699 pote-
1243 2667 1246 2672 -

89 2715 179 2781 runt,
207 2708 267 2766 nini
287 2709 412 2781 primam
433 2706 496 2763 rim
516 2703 674 2779 particulae
695 2701 760 2789 γὰρ
782 2704 936 2780 explorate
957 2709 1137 2787 perceperis,

92 2808 157 2864 qna
184 2788 221 2847 de
249 2810 281 2847 re
302 2791 344 2847 ita
364 2787 439 2847 dixit
463 2790 520 2846 iarn
541 2786 745 2864 liertaugine,
771 2799 803 2848 nt
824 2810 884 2848 non
905 2789 1012 2864 opiner
1034 2811 1137 2864 quem·

91 2892 187 2947 qnam
216 2890 281 2931 enee
307 2893 368 2930 eum
397 2892 433 2931 eo
463 2873 495 2929 in
524 2870 579 2930 lrao
604 2891 637 2930 re
666 2872 875 2932 dissensurnm.
922 2870 1029 2947 Neque
1055 2876 1137 2933 enim

89 2954 169 3016 lunae
193 2956 356 3031 explicandi
376 2956 452 3015 ratio
473 2956 535 3014 eine
556 2954 716 3028 particulae
737 2961 783 3013 eat
802 2954 891 3027 plene
908 2976 1002 3030 nore,
1026 2951 1082 3016 'aed
1102 2959 1136 3015 in

91 3038 268 3115 quibusdem
304 3041 375 3098 loeis
406 3059 472 3098 eum
503 3046 617 3097 veteres
651 3045 711 3095 tutu
745 3040 922 3098 recentiores
957 3042 1137 3112 grammatici
1151 3052 1275 3125 1599„

89 3143 194 3183 veram
216 3124 374 3199 particulae
393 3126 456 3182 vim
478 3120 671 3196 iampridem
692 3127 891 3197 agnoverunt,
916 3120 1008 3180 veluti
1027 3123 1061 3178 in
1081 3122 1136 3180 illo
1177 3113 1240 3195 ἆρα.

89 3207 158 3267 1οοο
181 3204 391 3283 Ατίιιορλιαιτίσ
413 3206 588 3271 Actaeam.
612 3225 641 3265 τ.
663 3208 703 3263 68
726 3224 813 3278 sqq„
840 3204 893 3263 nbi
919 3210 1074 3279 postquam
1093 3203 1136 3265 le·
1152 3235 1184 3288 p,
1200 3232 1236 3289 ηρ
1252 3247 1293 3304 η,

89 3290 186 3373 gelus=
200 3291 292 3351 dixitt

302 3404 360 3455 Kal
382 3400 442 3469 δῆτ’
464 3396 654 3473 ἐτρυχόμεσθα
671 3396 748 3472 παρὰ
766 3392 925 3472 Καΰστριον

301 3472 402 3524 πεδίον
422 3467 650 3533 ὁδοιπλανοῦντες
666 3468 856 3536 ἐσκηνημένοι,

301 3537 350 3624 ἐφ’
370 3536 545 3622 ἁρμαμαξῶν
559 3540 712 3610 μαλθακῶς
728 3538 931 3606 κατακείμενοι,

302 3609 501 3678 απολλυμενοι.
541 3662 545 3667 .

88 3726 149 3794 laon
167 3726 262 3788 reddit
282 3726 491 3813 Dieaeopoliut

466 3850 605 3930 «Σφόδρα
620 3854 676 3932 γὰρ
695 3826 836 3933 ἐσωζόμην
851 3854 906 3931 lyei

267 3924 345 4003 παρὰ
363 3923 412 3997 τὴν
429 3927 542 3989 ἔπαλξιν
559 3928 591 3981 ἐν
609 3930 723 4003 φορυτῷ
739 3935 954 4001 κατακείμενος.,

88 4045 131 4106 ed
152 4066 239 4121 quent
259 4048 356 4109 laeum
375 4052 418 4111 ita
438 4058 647 4113 commentatur
668 4058 819 4111 eet-retus
839 4049 1011 4109 aolnelieutee
1033 4038 1144 4129 σφό-’

88 4128 181 4233 (ξρα
208 4128 294 4215 γὰρ
323 4128 586 4217 ἐσωζόμην·
623 4127 758 4197 Ἐκτοῦ
779 4127 930 4231 dauniae
950 4120 1140 4231 ἄντρ’ντησον

87 4216 304 4294 προσαιτῶν·
330 4208 361 4281 el
392 4214 456 4302 γὰρ
486 4210 582 4295 ὑμεῖς
604 4208 812 4285 ,ἀπόλλυσθε
842 4209 931 4277 οὕτω
959 4210 1140 4295 διαγοντος,

87 4290 266 4387 ἕσωζόμην
285 4290 353 4385 ἄρα
374 4295 440 4382 dyo
459 4289 832 4395 πολισριιοόμονοςόπό
847 4284 1141 4382 Λανοόοιμονόωϊι
