2850 4842
371 1550 926 1680 Praefatio

546 1988 751 2000 -u-uu-—n-

126 2273 262 2402 Ante
296 2320 368 2397 hoa
398 2326 482 2395 ooto
509 2344 627 2395 annos
650 2328 770 2417 qu'om
791 2319 970 2395 librarian
989 2322 1171 2399 honestis·

128 2466 261 2516 stamus
286 2440 458 2537 Lexioon
473 2440 632 2513 Homeri
656 2448 697 2513 ot
718 2440 874 2515 Pindari
886 2442 1171 2536 Hammonem,

130 2560 272 2636 Seberi
313 2559 480 2632 indioem
518 2558 678 2631 Homeri
722 2558 891 2656 aliosque
923 2561 1064 2655 libros,
1106 2561 1175 2660 qni

129 2678 234 2753 bona
259 2676 737 2774 antiquammlittorarum
762 2679 981 2755 adiumenta
1005 2680 1175 2755 eontine-

129 2806 240 2887 rent‚
265 2798 389 2871 denno
413 2795 566 2894 volgare
591 2795 867 2890 eonstiniisset‚
893 2800 1085 2872 edendum
1102 2824 1174 2899 ego

130 2920 379 3013 fiusoeperam
390 2914 643 2987 utiliasummn
653 2914 837 2988 Matthaei
849 2918 1003 2991 Denarii
1020 2918 1175 3010 librum,
1207 2909 1210 2917 ’

133 3056 215 3131 qno
252 3032 287 3106 is
324 3056 478 3108 omnem
514 3030 788 3129 particularum
820 3032 990 3109 Graecae
1021 3035 1173 3133 liuguae

133 3152 348 3227 doctrinam
389 3150 542 3249 copiose
585 3150 772 3245 docteque
813 3160 1033 3246 persecutam
1073 3158 1171 3223 enat.

131 3270 182 3345 Id
214 3270 403 3345 faciebam
419 3290 484 3359 eo
508 3267 683 3363 oonsilio,
721 3275 763 3341 ut
788 3293 906 3365 quom
928 3268 1070 3365 etipse
1096 3269 1176 3341 lle·
1209 3294 1213 3305 ¹

132 3390 231 3465 varii
255 3390 467 3465 institutum
490 3412 561 3487 pro
583 3408 629 3460 eo
653 3392 849 3483 tempore,
876 3412 953 3484 quo
979 3386 1072 3460 olim
1092 3370 1177 3461 erat

133 3517 369 3606 nausoeptnm,
390 3508 501 3608 plane
518 3506 716 3609 egregium
733 3505 994 3605 cognovissem
1011 3514 1052 3579 et
1070 3506 1176 3579 idem
1227 3540 1234 3550 ¹
1266 3504 1272 3513 “

135 3626 186 3701 ab
219 3620 305 3701 aliis
337 3626 497 3700 iudicari
521 3625 815 3717 intellexissem,
847 3623 1034 3720 aquibus
1059 3624 1177 3697 etiam

133 3753 265 3821 nostro
289 3753 464 3845 tempore
490 3746 623 3819 sedulo
643 3767 733 3818 eum
757 3743 901 3816 librum
921 3742 1099 3840 tnnrpari
1115 3739 1178 3843 yi-

139 3864 298 3958 diaaem,
330 3887 377 3938 eo
402 3887 473 3965 ego
499 3865 599 3939 libro
626 3863 734 3960 quasi
760 3841 1014 3936 fondamento
1035 3866 1177 3953 uterer,
1255 3894 1266 3914 κ

136 3980 176 4055 in
200 4008 278 4079 qno
302 3984 420 4057 etiam
444 3982 528 4077 illa,
554 4005 653 4082 quaa
675 3988 762 4080 post
785 3988 981 4055 auctorem
1004 3986 1179 4055 nostrum
1281 4042 1284 4048 .

136 4100 177 4173 in
209 4102 285 4177 hoo
321 4124 464 4201 genere
494 4103 709 4175 litterarum
742 4100 843 4173 docti
867 4097 1043 4172 homines
1069 4120 1177 4195 praa·

136 4218 343 4315 atitisaent,
381 4226 485 4295 reeta
517 4228 630 4316 atque
661 4218 795 4293 ordine
816 4238 1056 4317 reponerem.
1113 4214 1184 4308 Sio
