2850 4842
330 508 333 514 ·
428 485 847 574 perdocemur.
964 575 968 593 Ι
1058 461 1185 562 '325'

107 656 212 719 ellerrl
239 658 298 716 nial
328 657 398 733 qnia
425 655 559 716 ndinncln
588 653 661 717 haec
686 660 791 738 rerba
804 657 922 721 bnbnit=
956 647 996 737 lle
1021 659 1163 729 σπεύδει

105 742 240 805 θανεῖν.
284 738 320 800 ln
349 739 452 801 eodem
484 760 593 817 genere
618 743 783 817 reponendi
809 747 897 810 stiam
924 745 971 805 illi
997 746 1056 807 loci
1080 756 1161 824 snat,

107 826 208 903 qualis
232 831 277 884 est
299 822 454 901 Sophoclis
473 827 507 886 in
526 824 720 901 Antiporro'r.
741 834 815 887 732.
837 828 883 887 ed.
905 827 1009 888 llernr.

217 934 307 1008 ’Ἄλλῳ
325 934 380 1011 γὰρ
399 933 575 1011 ἣ’μοὶχρὴ
591 956 633 1007 γε
652 937 747 1005 τῆσδ’
768 933 1056 1011 ἄρχεονχθονός,·

108 1066 170 1121 quo
190 1047 224 1104 iu
244 1045 307 1103 loco
326 1045 367 1102 ita
388 1042 499 1102 adiecta
521 1051 565 1102 est
582 1044 724 1118 particula
743 1040 780 1124 γὲ
797 1044 834 1103 ad
854 1046 975 1105 verbum
993 1038 1069 1129 χρή,
1089 1048 1160 1121 quin

107 1138 273 1203 sequnntur
299 1126 387 1189 hanc:
421 1116 516 1211 τῆσδ’
546 1118 657 1210 ἔρχειν
681 1119 834 1209 χθονός.,
866 1128 934 1189 ride
962 1150 1039 1205 quac
1069 1149 1160 1205 supra

106 1235 141 1287 p.
162 1216 237 1271 277.
266 1210 488 1286 disputavimus.
531 1206 642 1269 Latius
669 1211 762 1270 dicas:
794 1220 902 1287 oportet
930 1214 1012 1272 odeo.
1053 1210 1159 1287 Neque

108 1298 190 1355 enim
214 1294 305 1368 illud,
333 1292 412 1368 qnod
438 1296 655 1368 antepositum
678 1303 724 1355 est
745 1284 826 1375 γάρ,
854 1295 1014 1370 quidquam
1030 1295 1160 1372 impedit

106 1378 187 1438 hanc
217 1378 384 1453 explicandi
415 1381 569 1437 rationem.
619 1375 718 1453 Supra
748 1380 828 1437 enim
854 1380 914 1439 ianr
942 1399 960 1437 a
984 1380 1075 1439 »nobis
1104 1400 1158 1439 ex·

107 1464 248 1538 plic'atnrn
270 1470 324 1534 eat,
346 1460 629 1536 quemadmodum
650 1457 712 1544 γὰρ
733 1461 875 1536 particula
894 1464 928 1521 in
948 1460 995 1520 his
1016 1460 1090 1523 lucia
1111 1465 1158 1521 in-

108 1546 275 1621 tellegenda
296 1547 345 1619 sit,
368 1565 444 1619 qnae
456 1546 705 1603 ratiocinationem
719 1545 863 1620 quandam
876 1566 940 1605 cnm
955 1540 1157 1611 adfirmatione

109 1651 150 1691 ex
169 1629 405 1689 antecedentibus
421 1631 571 1704 proponit,
593 1650 681 1704 quom
695 1627 732 1708 γὲ
747 1635 847 1689 contra
861 1630 1040 1705 singularem
1054 1650 1157 1693 nonem

105 1708 168 1795 χρὴ
190 1734 255 1772 cnm
276 1714 325 1787 iia,
347 1732 422 1787 queo
442 1712 515 1772 bueo
535 1711 669 1771 adiuncta
689 1710 787 1787 habet,
808 1711 921 1775 efferat.
962 1712 1004 1775 Ut
1023 1712 1098 1773 mihi
1119 1714 1156 1780 de

106 1800 162 1855 isto
192 1797 257 1855 locu
287 1798 375 1872 plane
403 1796 614 1875 comprobanda
644 1794 681 1857 G.
710 1794 875 1873 Hermanni
905 1800 980 1856 retio
1011 1797 1155 1874 rideatur,

45 1878 50 1886 ’
106 1883 257 1957 proposita
279 1882 311 1938 in
337 1884 441 1955 opusc.
469 1880 527 1939 vul.
548 1877 604 1941 Ill.
633 1901 663 1954 p·
687 1882 778 1952 254„
805 1900 894 1957 quam
921 1878 973 1940 Fr.
995 1874 1155 1940 Etleotrun

106 1966 140 2022 in
162 1968 271 2025 horico
292 1963 445 2039 Sophocleo
465 1963 524 2021 rol.
545 1961 569 2021 l.
588 1985 620 2038 p.
643 1966 714 2021 349.
732 1965 841 2022 iniuria
861 1964 1034 2039 repudiarit.
1076 1962 1155 2023 Nam

107 2047 187 2123 quod
215 2046 263 2107 hic
287 2049 387 2106 statuit
417 2045 620 2123 hyperbaton,
651 2055 683 2107 ut
710 2043 746 2126 γὲ
771 2046 808 2106 nd
833 2042 1094 2125 dprol'pertineat,
1121 2045 1154 2105 id

107 2131 188 2191 uullo
211 2130 297 2189 modo
319 2132 392 2189 ferri
416 2139 524 2205 potest,
553 2138 688 2205 recteque
710 2132 822 2188 acuitur
844 2150 906 2188 vox
924 2126 988 2214 χρὴ
1012 2150 1063 2229 ep,
1093 2151 1153 2205 qno

107 2236 196 2290 supra
226 2214 370 2286 vidimus,
397 2214 492 2277 modo.
536 2210 586 2273 Sic
615 2231 702 2288 saepe
728 2213 802 2273 alian
826 2209 878 2275 dei
898 2232 949 2293 γε,
973 2233 1036 2302 χρη
1058 2232 1096 2294 ye
1122 2220 1154 2276 et
1232 2242 1235 2254 ¹
1348 2268 1351 2275 .

109 2319 184 2374 quae
203 2308 274 2359 snut
296 2298 405 2358 similia
426 2298 569 2356 dicuntur.
686 2365 690 2374 Δ

191 2381 251 2442 Sed
272 2403 311 2440 ne
334 2382 450 2457 longius
471 2381 565 2455 luber,¹
587 2384 718 2438 revertar
738 2376 776 2437 ad
796 2378 999 2452 interpositum
1018 2378 1096 2444 iuter
1116 2398 1152 2437 en

107 2462 209 2541 rerh'r,
238 2486 314 2540 quae
339 2466 437 2524 dirimi
460 2466 637 2541 cogitatione
659 2464 713 2523 rix
734 2470 877 2536 possunt,
910 2457 947 2541 pe*
966 2460 1151 2539 perticulam.

106 2546 306 2627 interponitur
334 2551 413 2607 enim
440 2544 477 2629 γὲ
506 2546 647 2624 particula
676 2547 829 2611 articulum
854 2546 932 2612 iuter
959 2554 988 2604 et
1017 2545 1151 2603 substan-

107 2636 198 2692 tivum
222 2634 286 2695 lere
305 2632 446 2711 legittime
469 2634 626 2695 verborum
646 2612 850 2704 collocatione,
881 2627 971 2694 veluti
994 2626 1072 2706 epnd
1093 2624 1151 2689 So·

105 2716 238 2793 pboolem
261 2718 293 2777 in
315 2719 461 2793 Antipera
483 2736 512 2775 v.
535 2718 606 2779 att.
629 2715 675 2774 ed.
697 2712 800 2775 Herm.
823 2712 902 2789 qnod
922 2712 1047 2789 legitnrs
1166 2770 1169 2780 ,

263 2826 355 2901 Ὅμως
369 2825 384 2883 ὅ
400 2827 430 2901 γ’
443 2826 537 2899 Ἀιδης
553 2826 616 2889 τούς
633 2825 736 2896 νόμους
752 2823 865 2888 τούτους
880 2830 976 2881 ποθεῖ.

107 2941 140 2993 et
166 2931 243 3007 qnod
268 2954 356 3011 snpra
384 2954 425 2995 ex
450 2936 577 2994 Acheru.
605 2929 817 3005 Aristophanis
842 2951 872 2992 r.
900 2934 952 2990 94.
979 2930 1148 3003 posuimnac

90 3010 165 3079 ,τόν
184 3038 220 3097 7⁸
241 3012 298 3081 σὸν
310 3014 377 3081 ’τοῦ
389 3012 583 3097 ’πρέσβεως,
606 3024 635 3073 et
655 3014 713 3073 alia
734 3013 902 3073 eiusmodi.
946 3010 1032 3099 ane
1045 3014 1149 3070 verbn-

104 3122 169 3161 rum
192 3101 341 3165 collocatio
361 3105 402 3161 ita
424 3102 564 3175 frequens
587 3107 643 3173 est,
667 3106 697 3154 nt
717 3096 782 3156 fere
802 3107 920 3169 recepta
940 3094 1149 3163 consuetudine

103 3185 243 3260 loquendi
265 3206 328 3245 esse
347 3184 493 3244 rideaturr
516 3200 691 3259 quamquam
713 3181 741 3238 si
763 3180 903 3238 maiorem
926 3176 1069 3252 quandam
1088 3178 1149 3233 rim

102 3271 284 3329 substantivo
313 3269 420 3328 addere
445 3270 508 3341 vis,
540 3276 616 3326 recte
645 3266 734 3324 etiam
761 3262 858 3321 dicasr
886 3252 918 3322 ol
947 3250 1075 3339 ἀγαθοί
1101 3278 1149 3337 ya,

101 3374 162 3413 non
184 3354 293 3414 solum:
323 3346 360 3416 ol
377 3372 413 3431 γε
435 3342 577 3431 ἀγαθοί,
601 3336 699 3411 reluti'
716 3345 795 3425 apud
814 3342 991 3425 Sophoclem
1009 3345 1042 3402 in
1061 3342 1150 3406 Arri-

98 3456 177 3513 porru
197 3457 226 3498 r.
247 3440 320 3495 221.
343 3436 464 3495 dicitur:

404 3528 462 3609 lsai
478 3544 537 3621 μὴν
554 3544 569 3601 ὁ
585 3550 691 3618 piabor
708 3542 739 3615 γ’
759 3531 847 3605 οὗτος.
916 3518 922 3529 ’

99 3661 151 3718 aul
170 3656 204 3719 in
224 3651 327 3715 eadem
344 3652 445 3714 fabula
466 3672 493 3713 r.
515 3656 587 3713 644.
600 3649 658 3712 ed.
680 3647 786 3709 llerm.

245 3762 297 3835 Μὴ
317 3764 368 3823 νύν
384 3764 461 3835 rror',
479 3756 501 3820 ul
521 3771 582 3831 παῖ,
600 3760 648 3825 τὰς
662 3765 769 3837 φρένας
783 3755 812 3831 y‘
832 3754 885 3830 ὑφ’
905 3752 1006 3825 ἡδονῆς

245 3834 377 3905 γυναικὸς
395 3833 487 3891 οὕνεκ’
508 3830 621 3907 ἐκβάλῃς
637 3832 701 3899 xrl,

97 3940 150 4003 ubi
172 3942 259 4001 etium
280 3943 307 4001 si
330 3962 383 4017 per
402 3949 526 4001 metrum
547 3939 618 3998 lerri
638 3942 737 4012 posset
756 3924 816 4007 nole
837 3951 874 4010 γε
895 3924 1032 4013 φρένας,
1049 3924 1148 3984 mlum

97 4024 237 4082 lubenter
259 4028 429 4100 acciperem.
474 4022 573 4083 Etiam
595 4024 674 4083 inter
694 4019 868 4079 adiectirnm
888 4023 917 4073 et
936 4010 1149 4085 substantlrnm

97 4110 300 4182 interponitur
317 4110 458 4193 particula
474 4102 520 4191 pl,
541 4106 634 4171 reluti
645 4109 679 4164 in
688 4099 845 4179 Sophoclis
858 4096 972 4156 Electra
983 4116 1011 4156 r.
1028 4098 1090 4153 200
1102 4112 1147 4166 aq.

1 4188 2 4191 ¹
97 4193 145 4255 ed.
170 4188 277 4255 Herm:
300 4192 421 4255 dicitur:

585 4265 652 4323 'Att’
675 4266 706 4322 ἒν
728 4268 784 4324 τοῖς
803 4250 899 4319 κακοῖο

317 4335 432 4409 ’,πολλοὶ
449 4338 479 4411 γ’
499 4334 606 4409 ἀνάγκη
623 4327 815 4404 κάπιτηδεύειν
834 4321 915 4383 κακοὶ.
