2850 4842
535 468 634 565 ι’ίρα.
904 570 906 577 .
1043 480 1121 555 175,

60 639 98 724 ὃς
124 641 187 725 ε’μδ
214 664 244 709 π
266 637 430 721 οπίμπων
453 636 517 719 ἔξω
538 636 677 721 πόλιος,
705 639 882 729 ἐνεχείρισε
901 634 946 713 ἐδ
967 647 1106 741 βρέφος.

61 726 104 805 ὡς
123 726 193 813 ἄρα
214 665 399 809 λίανδύνης
420 747 456 789 τε
477 720 529 809 εἴη
549 729 633 829 παῖς
653 727 712 817 τῆς
727 722 916 811 Ἀστυύγιω
936 734 1107 819 θυγατρὸς

61 811 114 877 καί
134 806 330 893 Καμβύσεω
350 810 410 873 τοῦ
431 803 544 895 Κύρου
573 832 639 875 ure.
680 810 763 888 Ergo
791 824 911 891 apparet
938 812 1005 903 ἄρα
1029 822 1105 881 illurl

60 901 207 973 reupicere
237 894 275 953 ad
301 895 392 953 rerba
418 889 473 955 τὸν
501 885 611 957 πάντα
638 889 755 977 λόγον,
781 898 942 974 eodemque
964 904 1050 964 morlo
1071 914 1104 966 ut

60 980 200 1040 Larinum
220 984 308 1055 ipitnr
328 997 382 1036 noa
403 976 520 1037 adrem
539 981 698 1041 accuratius
718 985 945 1057 cognoscendam
967 989 1105 1067 inritare,

60 1078 88 1122 ut
107 1057 154 1139 ὡς
178 1054 245 1147 ἄρα
266 1061 314 1120 laic
335 1081 452 1136 quoque
472 1063 645 1130 uertendum
666 1064 723 1123 ait:¹
749 1066 830 1142 quem
842 1068 1002 1130 admodum
1016 1076 1104 1147 igitur

58 1148 105 1207 rel
130 1156 237 1206 nostro
264 1165 414 1204 sermone:
444 1150 500 1204 ute
520 1147 591 1206 olco.
633 1146 739 1222 Neque
760 1152 792 1207 iu
814 1148 946 1213 Platonis
969 1156 1102 1215 curuato

59 1230 135 1290 Part.
152 1229 196 1289 ll.
213 1230 272 1290 rol.
287 1227 328 1289 lt
346 1251 376 1303 p.
391 1234 453 1286 372
464 1250 507 1304 sq.
525 1229 569 1288 ed.
580 1228 680 1290 Bell.
696 1254 727 1306 p.
741 1238 811 1291 174.
823 1232 862 1293 Β.
879 1233 925 1294 ed.
942 1234 985 1296 Η.
996 1236 1101 1313 Stepla.

42 1310 156 1378 ,Ἔπου
175 1309 292 1384 τοίνυν,
315 1304 465 1406 {equino
487 1308 620 1397 κοίτην
641 1310 827 1398 παροιμίαν
849 1314 1103 1423 διαφθείρωμεν

56 1388 310 1477 μεταβαλόντες,
329 1387 375 1469 ῶς
390 1416 456 1479 αρα
475 1391 532 1457 καὶ
550 1388 687 1475 ιἰγαθῶν
700 1395 758 1462 ἐπὶ
773 1398 889 1476 δαῖτας
901 1398 991 1466 ίααίν
1004 1396 1102 1467 αύτό-

56 1502 160 1558 ματοι
180 1470 328 1559 ἀγαθοί,
350 1488 428 1537 recta
449 1479 527 1537 dixit
547 1477 747 1557 Hartuugina‚
768 1483 798 1542 it
819 1486 933 1559 ipanmq
957 1486 1035 1559 qnod
1054 1490 1101 1547 iu-

58 1585 174 1623 rercuur
202 1571 278 1621 earet
304 1564 509 1638 proverbium,
540 1566 607 1622 miri
631 1565 743 1639 aliquid
764 1564 882 1627 babere.
924 1565 1002 1628 Nam
1022 1572 1101 1632 ietnd

56 1652 122 1708 miri
144 1646 289 1722 quidquid
309 1655 364 1723 eat,
388 1654 464 1705 certa
485 1667 545 1705 nou
566 1650 744 1721 exprimitur
763 1652 904 1725 particula
924 1642 1002 1735 ἄρα,
1024 1676 1099 1728 qnae

56 1730 110 1791 hoc
128 1750 247 1807 quoque
268 1730 331 1788 loco
351 1729 386 1787 εδ
407 1731 470 1806 illa,
491 1750 567 1805 quae
584 1734 643 1789 iam
665 1733 740 1792 dicta
761 1743 835 1810 sunt,
856 1736 897 1793 ita
916 1738 1046 1811 ratpirn,
1067 1748 1100 1797 ut

56 1814 126 1891 hoc,
157 1814 235 1889 quod
261 1816 321 1871 iam
347 1813 481 1890 dicatur‚·
500 1825 639 1888 sequatur
667 1836 707 1876 ex
735 1818 977 1891 antecedentibus.
1021 1818 1100 1881 Nam

58 1920 94 1958 ex
109 1920 156 1974 eo,
180 1898 258 1973 quorl
273 1900 453 1956 invertentes
467 1891 746 1977 (μεταβαλόντες)
763 1904 920 1974 utebantur
930 1907 1098 1981 proverbio,

57 1985 227 2057 sequebatur
242 1980 338 2041 iaturl:
365 1973 411 2055 ῶς
432 1975 489 2042 καί
510 1971 649 2061 ἀγαθῶν
670 1979 728 2046 ἐπὶ
748 1982 866 2061 δαῖτας
886 1980 976 2049 ἴασιν
998 1978 1099 2051 αύτό-

53 2087 156 2138 ματοι
185 2058 324 2147 ἀγαθοί.
366 2064 465 2142 Quom
493 2066 585 2141 igliur
605 2065 637 2124 id
660 2070 781 2141 scriptor
805 2071 926 2129 inferret
954 2090 1009 2144 per
1029 2092 1098 2146 pan-

57 2150 157 2208 tirulan
184 2142 231 2223 ῶς
259 2140 345 2231 ἄρα,
377 2147 504 2221 quodam
527 2148 614 2207 modo
641 2150 761 2226 collegit
786 2149 843 2210 boc
873 2172 914 2211 ex
936 2155 1096 2227 prioribus.

55 2230 245 2293 Proverbium
263 2234 348 2290 euim·
367 2252 427 2290 nou
450 2239 616 2307 corruptum
637 2232 713 2291 hauc
733 2233 858 2294 babebat
878 2238 1069 2297 senteutiam:

142 2326 153 2333 -
885 2314 894 2341 b
961 2318 964 2325 “
990 2318 996 2335 Ι

211 2358 369 2435 Αύιόματοι
386 2359 411 2415 δ
431 2358 536 2430 ίιγαθολ
552 2362 653 2417 δειλῶν
670 2361 717 2417 tot
733 2363 829 2425 δαῖτας
844 2366 940 2435 ῖασιν.,

54 2506 141 2561 quem
160 2485 198 2545 orl
216 2487 334 2546 modum
355 2483 527 2545 arliert'lroc
547 2482 719 2545 Athenaeus
741 2487 793 2545 lib.
818 2484 875 2547 lv.
897 2492 948 2547 27.
991 2485 1096 2565 Neque
1146 2500 1150 2507 '

53 2574 117 2631 eiua
137 2570 216 2630 morli
237 2570 399 2646 quidquam
419 2568 495 2629 cadit
512 2571 545 2627 iu
565 2568 776 2645 Xenophontio
796 2570 891 2631 loonru
912 2574 1095 2651 ex‘Erpcdi-
1130 2568 1138 2577 ’

51 2659 126 2713 tiore
147 2656 212 2727 curt
236 2655 288 2715 lib.
308 2649 353 2716 V.
380 2672 443 2726 cap.
464 2657 495 2711 7.
517 2656 546 2725 5.
568 2654 597 2711 5.
629 2645 763 2717 Ἀκούω
788 2651 863 2719 τινὰ
892 2650 1094 2737 διαβάλλειν,
1109 2716 1122 2740 ,

52 2726 79 2798 ὦ
107 2730 241 2820 ἄνδρες,
266 2732 340 2811 ἐμέ,
372 2727 419 2809 ὡς
444 2730 509 2816 ἐγὼ
535 2731 601 2819 ἄρα
626 2729 840 2820 ἐξαπατήσας
866 2730 955 2817 ὑμᾶς
981 2738 1093 2819 μέλλω

50 2812 146 2900 ἄγειν
167 2812 215 2893 είς
233 2820 348 2881 Φᾶσιν.
388 2817 436 2877 lbi
456 2821 536 2877 euim
554 2840 642 2893 quom
663 2822 770 2880 verbor
801 2813 847 2896 ῶς
867 2817 932 2901 ἐγὼ
955 2856 992 2869 -
1018 2816 1094 2899 ἐξα-

50 2896 210 2984 πατήσας
235 2893 324 2977 ύμᾶς
346 2897 456 2977 μέλλω
483 2892 572 2983 ἄγειν
596 2896 647 2977 είς
671 2904 797 2975 Φᾶσιν,
826 2904 902 2985 nihil
926 2909 1094 2966 contineant

50 2988 109 3045 uici
136 2986 360 3059 explicationem
383 2987 469 3045 iatius
491 2986 664 3059 calumniae,
686 2989 855 3046 rectissume
876 3008 910 3047 ea
931 2990 1022 3049 rerba
1042 2990 1093 3049 ‹le-

50 3068 194 3127 ducuutar
225 3088 279 3143 per
310 3068 482 3143 particulam
519 3060 585 3149 ἄρα
616 3088 657 3126 ex
684 3070 842 3142 prioribus.
891 3069 990 3131 Etiam
1015 3072 1094 3147 apud

49 3150 176 3228 Lyrium
206 3161 277 3212 orat.
306 3160 406 3211 contro
426 3155 569 3211 Simonem
595 3154 622 3225 §.
646 3158 696 3209 31.
725 3150 771 3209 εδ.
792 3150 893 3213 Bell.
917 3175 948 3229 p.
971 3160 1022 3214 99.
1046 3156 1093 3229 εδ.

48 3232 88 3293 Η.
117 3233 223 3311 Stepb.
262 3231 332 3298 Καὶ
364 3229 394 3297 εί
423 3231 486 3312 μὲν
515 3226 555 3317 ἦν
584 3228 679 3319 παρὰ
708 3227 816 3319 τούτῳΙ
842 3229 881 3296 τὸ
908 3230 1093 3322 μειράκιον,

48 3309 134 3395 εἶχεν
158 3314 198 3382 ἅν
225 3340 300 3382 τινα
327 3312 426 3399 λόγον
452 3312 490 3379 τό
517 3316 645 3400 ψεῦδος
666 3312 780 3399 αύτιγῖ,-
805 3309 850 3392 ῶς
870 3310 925 3401 ἄρ’
950 3314 1013 3401 ἐγὼ
1036 3317 1092 3382 διὰ
1182 3372 1190 3383 ,

47 3396 106 3503 την
133 3394 321 3477 ἐπιθυμίαν
347 3393 576 3484 ἠναγκαζόμην
603 3393 821 3483 ἀνοητότερόν
841 3420 876 3461 τι
896 3404 1007 3465 ποιεῖν
1027 3403 1093 3465 τῶν

46 3478 203 3555 εικότιον..
226 3478 293 3568 ἄρα
312 3491 431 3544 revocat
452 3484 489 3541 ad
507 3484 705 3542 antecedentia
728 3473 812 3559 εἶχεν
830 3477 958 3547 ἅντινα
975 3479 1093 3567 λόγονι

46 3572 205 3627 accuratius
233 3571 314 3628 euim
344 3587 420 3643 quac
441 3569 496 3625 iota
516 3568 591 3626 ratio
612 3570 649 3626 ait
673 3566 854 3641 explicatur,
884 3574 916 3625 nt
939 3560 1005 3650 ἄρα
1025 3590 1092 3629 rer·
1167 3582 1173 3591 ¹

47 3652 166 3711 tendum
190 3654 228 3711 ait
255 3672 311 3727 per
337 3658 504 3710 nostrorum
526 3650 669 3728 cumlicbq
704 3649 892 3727 Quamquam
915 3653 958 3710 ibi
979 3658 1092 3726 optumi

44 3734 110 3795 libri
132 3736 311 3811 particulam
329 3755 391 3794 uon
410 3733 521 3793 habant
541 3736 669 3812 omuino.
711 3730 753 3791 Et
773 3735 815 3791 aio
833 3732 1005 3809 dereliquit
1019 3735 1091 3796 locia

45 3822 181 3879 omnibus
201 3819 388 3880 atatuenduna
408 3814 473 3878 erit.
1020 3886 1022 3892 Α

125 3904 159 3963 Γ
156 3898 200 3987 διρ
223 3897 290 3988 ἄρα
317 3914 415 3962 autem
442 3899 545 3961 eodem
569 3899 656 3959 morlo
682 3900 888 3979 explicandum
903 3907 970 3977 eet,
997 3899 1091 3961 veluti

42 3984 122 4061 quol
146 3985 258 4061 legitur
279 3986 359 4061 apud
379 3985 535 4059 Plutonem
555 3984 608 4044 lib.
628 3985 662 4043 δι
681 4005 713 4045 rc
732 3986 849 4063 publico
866 3983 907 4045 ll.
928 3984 1009 4045 Part.
1028 3980 1090 4045 ΙΙΙ.
1181 4052 1185 4057 ,

42 4070 102 4129 rol.
140 4063 170 4128 l.
206 4090 236 4145 p.
269 4071 322 4129 59.
360 4068 407 4130 εδ.
446 4066 546 4129 Bell.
582 4089 614 4143 p.
648 4071 719 4127 358.
752 4065 787 4126 G.
825 4068 872 4127 εδ.
909 4064 952 4126 ll.
984 4066 1089 4141 Staplr.

40 4146 214 4235 Δεύτερον
238 4148 277 4215 ot
306 4144 411 4236 [ἐρῶ]
438 4145 493 4215 ὅτι
519 4143 642 4225 πάντες
669 4141 750 4213 cirri
780 4142 813 4211 oi
840 4143 1090 4231 ἐπιτηδεύοντες

40 4228 181 4309 ἄκοντες
205 4229 460 4317 ἐπιτηδεύουσιν
487 4226 533 4308 ὡς
561 4224 739 4315 ἇναγιιαῖυν
765 4221 836 4295 ἄλλ’
860 4225 919 4312 οὐχ
941 4224 987 4308 ῶς
1007 4223 1089 4313 ύιγα-

41 4312 126 4389 θόν.
164 4312 278 4403 τρίτον
311 4314 350 4383 δὲ
380 4313 434 4384 ότι
465 4309 603 4395 εἰκότως
634 4308 715 4381 αὐτὸ
748 4312 873 4403 δρῶσι·
906 4310 993 4382 πολύ
1025 4309 1088 4401 γὰρ
