2850 4842
551 533 614 575 aa·
665 582 667 585 ,

76 677 183 751 quibus
206 675 307 735 verbis
328 674 476 750 significat
500 674 675 757 Diomedes,
707 690 863 759 postquam
883 687 995 763 effugit·
1007 688 1129 769 Hector,

76 782 110 822 se
135 761 269 834 reliquos
289 760 349 817 iam
368 780 458 833 porro
476 760 680 837 adgressurum
702 786 783 843 esse,
810 772 910 845 itaque
932 776 1016 833 dicit:
1044 780 1130 837 Nono

76 864 177 903 rursm
202 844 325 921 reliquos
346 852 456 918 protono,
488 848 537 904 ubi
566 868 619 921 pro
650 836 692 910 αὖ
718 852 806 911 etiam
833 856 959 929 simplex
986 861 1129 931 particula
1235 912 1239 920 .

78 925 115 990 δὲ
142 928 240 985 locum
264 924 372 984 habere
392 930 505 1003 potuit,
532 930 582 989 sed
605 932 686 990 aliud
708 940 804 995 tamen
826 958 904 996 nunc
924 940 1038 1000 dicitur.
1081 942 1128 1001 lto

77 1011 197 1069 Atticos
226 1030 345 1085 quoque
371 1013 526 1087 scriptores
556 1012 611 1073 hac
633 1018 776 1090 particula
798 1040 867 1080 usos
887 1041 954 1083 esse
975 1024 1128 1085 adnotavit

78 1096 138 1153 ism
158 1092 363 1159 Hermannns.

163 1176 277 1237 Eadem
306 1197 407 1237 caussa
435 1187 480 1237 est
502 1177 590 1239 buius
614 1184 787 1261 particulae,
815 1188 982 1261 siquando
1004 1211 1060 1264 pro
1085 1187 1125 1275 dr)

78 1261 223 1335 particula
246 1264 340 1335 posita
361 1281 424 1320 esse
447 1261 576 1337 dicatur,
601 1268 714 1339 quade
736 1288 771 1327 re
795 1272 856 1344 egit
879 1269 916 1330 G.
937 1270 1127 1333 Hermannus

81 1344 120 1403 ad
140 1342 288 1421 Vigernm
311 1366 341 1418 p.
363 1349 436 1403 782.
459 1347 504 1406 ed.
528 1356 594 1409 tert.
637 1347 674 1407 ln
700 1353 739 1410 iis
765 1354 843 1411 enim
865 1354 937 1414 locis
962 1358 1004 1414 ita
1025 1357 1127 1432 adgre-

81 1428 179 1487 dimur
206 1450 314 1487 novam
341 1450 421 1503 rem,
448 1440 481 1489 ut
507 1431 543 1488 ad
569 1431 617 1508 id,
646 1433 724 1507 quod
746 1444 814 1495 ante
833 1438 909 1512 luit,
937 1425 1127 1514 respicientes

81 1512 211 1571 dicamus
234 1503 286 1585 αὖ,
308 1532 407 1585 quom,
428 1516 456 1572 si
477 1513 626 1590 adipsum
642 1538 714 1593 rem,
736 1541 823 1593 quam
837 1526 998 1597 suscepturi
1014 1544 1128 1597 snmus,

81 1607 260 1671 spectemus,
288 1595 345 1653 dici
374 1598 462 1656 etiam
490 1602 583 1673 possit
608 1596 648 1685 δὴ
673 1602 723 1661 rel
743 1602 853 1664 Latine
872 1610 947 1677 inni,
979 1606 1072 1666 veluti
1094 1611 1125 1665 in

80 1681 133 1737 illo
158 1680 241 1755 loco,
272 1700 360 1753 quem
384 1682 484 1756 posuit
512 1680 551 1742 G.
578 1680 769 1746 Hermannns
797 1707 837 1746 ex
863 1690 977 1749 Iliados
1004 1690 1056 1749 lib.
1087 1689 1125 1750 ll.

80 1784 111 1825 v.
141 1768 214 1823 493.
722 1764 750 1787 ’“

273 1840 386 1917 ’Λρχοὺς
403 1832 437 1897 αὖ
458 1845 533 1912 νηιόν
549 1844 627 1917 ἐρέω,
646 1843 713 1914 ride
729 1864 758 1903 rs
774 1846 929 1923 προπάσας.

82 1947 244 2026 eodemque
264 1948 350 2009 modo
371 1970 418 2008 res
440 1970 471 2009 se
491 1947 579 2009 babet
598 1954 629 2011 in
659 1933 761 2013 eodeni
780 1955 857 2015 libro
878 1978 905 2017 r.
929 1960 990 2017 615
1011 1980 1078 2034 sqq.
1135 1936 1138 1947 Ι

213 2048 253 2099 Οἳ
268 2045 293 2099 δ’
314 2038 369 2116 ἔρα
385 2042 567 2116 Βουπράσιόν
583 2066 611 2101 τε
629 2044 789 2105 καὶἬλιδα
806 2053 870 2107 δῖον
887 2055 992 2121 ἔναιον,

211 2112 298 2167 ὅσσον
315 2116 328 2168 ἰ
356 2113 363 2132 ’
381 2112 499 2187 Ὑρμίνη
516 2118 563 2168 καὶ
580 2113 726 2189 Μύρσινος
743 2120 911 2189 ἐσχατόωσα,

210 2186 331 2265 πέτρηςτ
359 2181 467 2253 Ὠλενίη
487 2188 534 2236 καὶ
547 2183 680 2240 Ἀιίσιον
699 2185 776 2248 lurda
793 2188 899 2261 ἐέργει·

212 2254 267 2305 τῶν
284 2272 318 2304 aa
336 2254 466 2325 τέσσαρες
482 2250 564 2325 ἀρχοὶ
582 2252 650 2306 ἔσαν
667 2255 734 2322 md,

83 2338 164 2415 quod
181 2342 276 2416 ipsum
294 2362 412 2416 quoquo
431 2355 476 2401 est
495 2344 629 2417 proprie:
658 2343 760 2403 liornsn
780 2362 881 2403 nornis
900 2344 1127 2423 quattuordnces

82 2432 171 2484 erunt.
214 2422 280 2483 Hoc
302 2446 419 2500 qnoque
436 2428 543 2485 imitati
564 2433 631 2485 sunt
649 2429 804 2503 scriptores
825 2426 931 2488 Attici.
1096 2424 1100 2430 ’

162 2506 277 2584 Restat,
300 2518 333 2568 ut
354 2508 446 2569 dicam
467 2510 503 2569 de
522 2512 559 2569 iis
577 2511 660 2587 locis,
679 2514 712 2570 in
732 2514 837 2587 quibus
854 2501 896 2575 oni
912 2531 966 2587 per
980 2510 1127 2585 quendam
1143 2509 1235 2581 Αὖθις
1254 2509 1289 2575 αὖ

80 2594 285 2667 pleonasmum
306 2596 433 2667 positum
454 2616 518 2651 esse
540 2595 681 2668 rideatur,
702 2598 796 2653 veluti
813 2598 840 2653 si
862 2587 963 2669 αὖθις
984 2586 1027 2659 αὖ
1046 2606 1075 2654 et
1097 2596 1128 2655 id
1183 2604 1244 2676 ‚03-

80 2697 175 2752 genus
197 2677 256 2735 alis
278 2674 422 2751 dicuntur,
445 2697 533 2751 qnam
554 2697 618 2736 rem
638 2678 743 2754 adtigit
763 2676 913 2737 Devarius
933 2700 964 2754 p.
985 2682 1037 2737 45.
1079 2679 1128 2739 Ac
1168 2666 1270 2714 ‘mm'

80 2766 211 2835 primum
233 2760 350 2835 quidem
372 2760 477 2821 dicitur
497 2780 585 2836 saepe
608 2783 730 2822 numero
754 2764 790 2823 ab
805 2761 913 2823 Atticis
936 2764 1127 2839 scriptoribus
1205 2761 1207 2764 ’

81 2831 191 2917 αὖθις
218 2834 269 2904 αὖ.
309 2842 430 2904 Praeter
460 2866 510 2905 eos
536 2845 633 2920 locos,
662 2868 736 2920 quos
763 2846 868 2905 adtulit
888 2849 948 2904 iam
971 2846 1129 2924 Devarins,

80 2926 163 2987 conf.
187 2922 393 3002 Aristophanis
413 2930 590 2989 Acharneus.
612 2949 642 2989 v.
661 2932 734 2991 854.
756 2929 803 2989 ed.
826 2928 919 2999 Diod.

205 3038 272 3095 Odd’
288 3028 368 3103 αὖθις
385 3028 421 3096 oi
440 3057 471 3096 os
489 3036 630 3111 σκώψεται
646 3036 771 3095 Παύσων
788 3039 806 3096 ὁ
821 3038 1012 3115 παμπόνηρος.

80 3156 110 3206 et
136 3143 290 3223 Euripidis
314 3148 460 3208 Pliosniss.
481 3169 511 3209 r.
535 3150 608 3207 487.
633 3146 678 3206 ed.
701 3143 796 3205 Diod.

254 3262 311 3314 Kal
329 3258 393 3331 τῷδ’
410 3260 526 3334 ἀφεῖναι
544 3258 592 3315 τὸν
603 3263 673 3327 ιἴσον
690 3248 772 3320 αὖθις
790 3248 825 3313 αὖ
837 3253 952 3354 χρόνον.

80 3365 197 3443 Quibus
222 3367 255 3425 in
281 3368 352 3427 locis
375 3370 431 3427 etsi
455 3366 741 3441 ambae-particulae
764 3366 801 3423 ab
824 3362 926 3423 eadem
946 3360 1043 3421 radice
1063 3381 1131 3437 pro·

78 3450 176 3509 sectae
202 3457 270 3509 sunt
302 3452 488 3526 similemque
514 3448 624 3509 habent
647 3452 708 3509 rim
730 3470 764 3507 ac
784 3454 974 3523 potestatem,
1005 3468 1065 3506 nou
1088 3456 1130 3504 ta·

78 3554 168 3608 men,
197 3542 231 3592 nt
261 3544 339 3594 recte
369 3538 429 3593 iam
456 3536 623 3594 observavit
650 3530 689 3591 Β.
710 3532 870 3590 Weiskius
896 3532 927 3587 iu
954 3532 1132 3593 Ρίοοιιιιοηιίι

81 3620 204 3675 Graecis
227 3639 258 3693 p.
282 3622 366 3689 142„
396 3621 475 3677 itaa
500 3618 621 3677 Graecis
645 3616 810 3675 cumulatae
835 3634 900 3699 esse
924 3613 1076 3709 videmur,
1101 3622 1133 3669 nt

76 3703 172 3776 plane
197 3722 287 3760 unum
317 3702 467 3787 idemque!
487 3702 697 3778 significarent.
746 3697 824 3759 Nam
855 3718 943 3772 quom
972 3698 1073 3768 nvdrg
1100 3697 1132 3752 iu

77 3785 135 3843 bac
165 3784 294 3844 formula
317 3788 462 3862 respicere
487 3806 542 3845 nos
567 3785 664 3843 iubeat
688 3784 725 3842 ad
748 3784 913 3858 idipsum,
943 3778 1020 3855 qnod
1048 3786 1133 3835 antea

76 3870 191 3927 iactum
213 3878 269 3944 est,
293 3856 336 3933 αὖ
356 3884 455 3930 contra
478 3868 594 3930 ridetur
615 3868 651 3945 ad
673 3871 844 3928 universam
865 3868 909 3926 rei
930 3864 1134 3940 repetitionem

76 3958 231 4028 spectare,
254 3974 329 4028 quas
351 3958 406 4015 etsi
428 3954 464 4013 ad
486 3954 534 4028 id,
557 3951 636 4027 quod
656 3956 827 4024 antecessit,
857 3954 922 4027 ipsa
944 3968 1062 4024 qnoque
1083 3966 1136 4003 ne·

76 4039 210 4097 cessario
239 4040 378 4115 respicit,
408 4060 469 4099 non
495 4047 592 4095 tannen
616 4038 792 4112 singularem
814 4056 876 4093 rem
899 4036 1029 4107 aliquam
1051 4030 1137 4086 uobis
1194 4112 1197 4116 1
1299 4034 1306 4041 ”

77 4132 148 4179 ants
170 4120 273 4182 oculos
291 4126 387 4199 posit,
405 4123 497 4183 veluti
515 4124 541 4183 si
562 4124 594 4181 in
616 4118 827 4193 Aristophanis
848 4117 977 4174 Nnbibns
999 4135 1027 4175 r.
1045 4117 1136 4171 138³.

75 4204 126 4265 ed.
139 4202 256 4279 Herm.
279 4205 398 4267 dicituro

419 4297 589 4373 Σοφώιιιιόν
606 4299 636 4371 γ’
658 4302 783 4362 insitor,-
801 4289 832 4363 di,
852 4299 881 4349 rt
894 4292 924 4346 α’
946 4297 1033 4360 εἴπας

187 4366 245 4421 ἀλλ’
267 4360 348 4433 αὖθις
367 4358 403 4425 αὖ
423 4366 613 4439 convincitur..
858 4438 924 4493 w
