2850 4842
321 382 386 455 344
635 382 701 467 γέ,
732 382 781 472 γέ
806 406 898 460 τοι,
930 388 1050 470 γοῦν.

321 576 386 631 res,
411 552 449 614 orl
471 572 558 628 quarn
581 553 735 614 reserenda
757 564 800 615 est
821 557 903 631 ipsa',
927 575 991 614 cnm
1012 557 1195 618 restrictione
1215 558 1367 637 afferatur,

318 634 387 723 ,μὴν
415 646 511 697 antem
540 659 602 701 rem
629 640 669 697 ita
699 640 832 714 profecto
862 638 932 697 dicit
959 659 1034 699 esse.
1076 638 1139 699 Sed
1165 652 1197 701 nt
1219 664 1310 718 saepe
1335 652 1366 706 in

322 725 390 781 aliis
418 722 566 781 vocabulis
597 719 653 780 hoe
679 724 787 783 factum
813 733 874 797 est,
902 725 945 783 sic
970 726 1057 782 etiarn
1080 726 1113 782 in
1137 729 1282 799 particula
1302 728 1366 811 priv

322 827 376 881 per
399 806 628 865 adlinnetionem
649 816 715 864 neta
737 817 782 867 est
803 805 946 881 quaedam
966 809 1161 882 oppositionis
1181 813 1367 887 significatio,

322 904 352 948 nt
379 892 410 947 iu
435 889 488 947 hae
513 888 632 963 quidem
653 902 734 965 parte
756 891 844 965 plone
864 890 1040 964 respondeat
1058 890 1186 951 Latinae
1206 898 1366 969 particulae

320 994 396 1043 uero,
419 994 492 1048 quae
513 976 577 1047 ipsa
600 994 719 1047 qrroqne
743 992 784 1032 ex
802 973 984 1033 adfirmative
1006 978 1038 1034 vi
1059 985 1145 1035 nacta
1163 988 1208 1035 est
1229 979 1364 1039 adversa·

322 1062 410 1119 tivum
436 1068 615 1133 potestatem.
661 1057 765 1132 ltaque
793 1079 883 1133 quom
912 1059 1072 1132 particulae
1092 1056 1130 1139 γὲ
1148 1056 1214 1145 μὴν
1235 1066 1364 1137 primum

321 1144 487 1219 significent
511 1141 589 1199 aliud
610 1139 685 1199 nihil
706 1144 782 1201 nisi:
805 1143 915 1218 (paridem
936 1150 1017 1212 emta,
1039 1151 1135 1201 tamen
1157 1143 1266 1204 Latine
1287 1161 1363 1207 recte

320 1230 395 1287 verti
414 1238 551 1303 possunt:
577 1234 649 1283 certo·
667 1245 743 1295 uero,
764 1234 797 1282 nt
810 1226 897 1283 vertit
910 1222 949 1282 G.
965 1223 1154 1285 Hermaunus
1167 1229 1204 1287 ad
1218 1227 1363 1305 Vigerum

320 1333 351 1387 p.
375 1316 447 1370 828.
469 1308 515 1369 ed.
536 1306 613 1383 tert,
635 1330 704 1366 usus
724 1308 780 1366 hoc
793 1306 942 1383 Euripidis
959 1330 1048 1369 versu
1063 1310 1098 1369 de
1115 1312 1229 1371 Electra
1242 1335 1272 1375 r.
1291 1320 1361 1375 754.

330 1476 332 1481 ,
502 1402 623 1477 Μακρὰν
639 1402 694 1477 γὰρ
711 1404 790 1477 ἕρπει
807 1407 901 1476 γῆρυς,
919 1402 1046 1476 ἐμφανής
1061 1426 1094 1477 γε
1105 1404 1186 1477 ’μὴν.,

283 1554 287 1563 Δ
322 1496 400 1570 quoti
427 1493 546 1554 retldas:
579 1484 606 1551 E
633 1494 783 1569 loupinquo
810 1498 884 1551 etrim
911 1496 1014 1554 occidit
1041 1516 1116 1566 uos,
1144 1492 1225 1555 aloru
1252 1501 1363 1574 quidem

318 1572 401 1648 cerlo,
424 1588 473 1637 aut
494 1582 591 1650 etiam,
613 1586 644 1635 ut
661 1576 729 1635 lecit
751 1575 955 1635 Hermannuss
979 1586 1010 1635 ut
1031 1599 1097 1637 uero
1117 1580 1207 1639 aloru.
1251 1582 1361 1661 Quam-

230 1674 235 1687 ·
320 1683 407 1737 qnam
430 1666 462 1721 in
485 1660 632 1735 particulis
658 1669 688 1718 ot
708 1680 775 1718 uero
796 1660 978 1719 adversativa
1001 1664 1046 1720 ris
1067 1665 1160 1739 magis
1180 1676 1297 1726 exstare
1320 1672 1363 1725 ri·

318 1745 403 1805 detur
421 1766 509 1820 quam
529 1748 561 1803 iu
582 1744 701 1802 Graecis
722 1742 889 1817 particulisr
910 1740 947 1825 ys*
966 1736 1041 1827 μήν.
1082 1746 1171 1825 Quod
1187 1760 1284 1809 autam
1302 1748 1362 1809 De·

318 1834 418 1889 varius
439 1830 590 1887 evanuisse
614 1830 653 1885 ait
674 1827 817 1885 interdum
839 1830 898 1885 virn
919 1826 1167 1914 περιγραφικὴν
1189 1843 1241 1890 sut
1259 1856 1362 1910 μειω.
1423 1863 1424 1878 1

318 1910 411 1996 τικὴν
432 1912 590 1986 particulae
613 1907 648 1991 γὲ
670 1912 700 1967 in
722 1908 769 1967 his
790 1912 873 1984 loeis,
897 1911 928 1969 id
949 1931 1009 1969 non
1029 1933 1130 1972 verum
1153 1926 1207 1991 est,
1230 1918 1317 1975 etiam
1337 1921 1361 1975 si

318 1998 418 2054 multia
449 1999 480 2055 ia
510 1994 584 2054 locis
615 1994 671 2052 alia
704 1994 824 2067 quidem
854 1995 955 2070 lingua
985 2016 1033 2053 res
1061 2010 1192 2057 accurate
1221 2000 1361 2060 declarari

318 2082 463 2142 aimilhus
487 2081 584 2139 verbis
606 2098 664 2136 non
688 2087 794 2151 potest.
837 2076 913 2137 Nam
931 2081 963 2135 in
986 2080 1191 2142 omnibus‘his
1214 2084 1304 2160 locis,
1331 2098 1361 2143 nt

317 2176 394 2225 recte
416 2157 509 2223 senait
530 2160 712 2237 Hartungius
735 2162 792 2219 roi.
813 2158 853 2219 ll.
874 2183 903 2237 p.
922 2168 1004 2237 383„
1025 2163 1144 2224 effertur
1163 2187 1217 2241 per
1236 2166 1274 2247 γὲ
1295 2190 1359 2242 par·

318 2249 434 2308 ticulam
467 2269 517 2323 ea,
548 2267 623 2322 quae
649 2242 796 2319 praecedit
818 2266 900 2320 nox,
930 2248 1221 2325 quamquamLatini
1248 2264 1361 2325 porrum

317 2334 489 2409 plerumque
517 2334 549 2389 in
579 2328 625 2389 his
645 2328 718 2388 loeis
740 2337 850 2387 tanturn
871 2328 957 2387 modo
978 2350 1060 2403 varo,
1087 2341 1123 2392 ”nt
1144 2337 1208 2393 voci
1230 2355 1265 2391 ac
1286 2357 1360 2395 sono

314 2417 464 2493 loquentis
493 2414 640 2473 efferenda
667 2433 702 2472 ea
729 2434 790 2472 vox
818 2415 871 2488 sit,
904 2434 962 2487 qno
990 2418 1116 2487 pertinet
1143 2412 1181 2496 γε’
1205 2413 1360 2489 particula.

316 2498 367 2557 Sic
392 2502 480 2557 etiam
499 2500 531 2556 in
553 2519 587 2555 eo
609 2498 690 2571 loco,
719 2517 777 2572 qno
799 2517 868 2558 naus
891 2508 933 2557 ert
954 2494 1115 2576 Derarins,
1143 2497 1362 2575 Aristophanis

315 2601 355 2641 ex
372 2580 521 2658 Erpritihus
544 2600 572 2638 v.
595 2588 657 2637 230
668 2613 705 2622 -
716 2587 790 2638 233.

499 2679 556 2727 Καὶ
572 2672 611 2747 μὴ
628 2674 733 2728 δέδιθ’·
757 2676 790 2731 οὖ
809 2673 863 2749 yrip
881 2679 955 2733 ἴσην
971 2679 1156 2753 ἐξῃκασμένος.

497 2740 552 2817 ὑπὸ
571 2746 617 2797 τοῦ
636 2745 717 2804 δέους
731 2743 786 2817 γὰρ
804 2746 890 2801 αὐτὸν
907 2747 997 2807 οὐδεὶς
1011 2742 1111 2813 ἤθελεν

494 2815 553 2871 ,τῶν
571 2816 744 2868 crisenonis
760 2811 881 2869 stricar-
903 2813 1011 2876 πάντως
1027 2835 1058 2884 γε
1075 2814 1133 2886 μὴν

469 2900 471 2905 ·
497 2878 703 2951 γνωσθήσεται·
725 2881 755 2937 τὸ
773 2882 828 2953 yrip
846 2888 966 2958 θέατρον
982 2881 1080 2947 δεξιόν.

314 2973 412 3033 nativa
442 2973 487 3029 vis
514 2972 674 3045 particulae
702 2968 740 3052 ys?
768 2975 919 3032 obscurata
945 2996 1005 3033 non
1030 2984 1085 3033 est.
1128 2972 1260 3037 Effertur
1279 2986 1358 3042 euim

313 3078 368 3134 per
390 3077 453 3115 eum
475 3056 647 3129 particulam
669 3077 730 3114 vox
753 3050 887 3131 πάντως
907 3068 947 3133 et,
969 3079 1034 3117 cum
1056 3057 1130 3117 haec
1151 3062 1282 3139 intellegi
1305 3072 1356 3124 rix

306 3144 421 3217 ‘possin
444 3141 503 3199 nisi
524 3138 656 3199 adsumas
681 3141 801 3199 verbnm
822 3133 1068 3225 γνωσθήσεται,
1090 3152 1152 3201 tota
1171 3148 1258 3203 etiam
1283 3147 1358 3209 haec

312 3227 484 3285 enuntiatio.
526 3220 629 3297 ltaque
656 3244 716 3281 non
740 3226 837 3283 minus
861 3245 943 3281 suam
969 3223 1056 3284 habet
1080 3228 1139 3284 vim
1164 3230 1196 3286 in
1215 3228 1273 3287 hoc
1294 3232 1357 3290 loco

311 3308 467 3383 particula,
486 3328 577 3383 ¹‹ptratm
599 3309 630 3364 iu
653 3328 687 3365 eo
708 3307 772 3365 loco
791 3306 1019 3382 Xenophontis,
1046 3331 1133 3385 quem
1153 3310 1255 3371 adtulit
1278 3316 1358 3373 idem

311 3390 461 3473 Devoriul
483 3390 594 3449 alibro
618 3390 650 3449 riu
671 3410 701 3449 ro
722 3396 842 3467 upriustri
862 3413 924 3466 cap.
950 3401 976 3450 l.
999 3396 1028 3465 §.
1054 3396 1121 3468 lia,
1146 3398 1180 3452 in
1206 3418 1265 3471 quo
1293 3402 1357 3473 ipse

312 3480 431 3551 agnovit
460 3475 618 3533 naturalem
648 3474 807 3548 particulae
831 3479 902 3534 vim.
946 3473 1047 3535 Verba
1075 3481 1170 3536 enim:
1208 3475 1295 3559 Torig
1321 3506 1356 3564 ys

311 3555 376 3641 μὴν
398 3548 506 3636 ὄρχεις
528 3554 580 3619 δεῖ
600 3552 645 3641 μὴ
668 3556 834 3639 μεγάλους
854 3554 911 3621 τὸν
930 3554 1038 3621 i'mrov
1056 3553 1155 3638 ιἔχειν,
1173 3565 1214 3621 ita
1228 3567 1357 3639 explica-

207 3678 234 3713 1¹
310 3646 371 3701 vit:
402 3648 438 3701 Ut
460 3642 563 3716 uliquis
584 3642 717 3700 concertor
737 3642 807 3712 alia,
829 3644 971 3701 testiculos
991 3644 1102 3719 pithiam
1123 3655 1195 3704 uerte
1215 3668 1271 3705 aon
1292 3671 1358 3709 arru-

309 3746 380 3802 prros
411 3725 512 3782 hahere
540 3744 639 3800 crpitum
667 3734 784 3801 oportet.
833 3724 989 3785 Praeterea
1019 3728 1148 3787 conferri
1175 3743 1296 3801 possunt
1324 3731 1358 3791 hi

305 3810 377 3882 loci,
398 3811 428 3865 in
452 3808 557 3879 quibus
582 3809 717 3866 omnibns
737 3812 835 3869 natira
856 3812 1009 3885 utriusque
1025 3812 1189 3884 particulae
1209 3816 1256 3872 ris
1270 3816 1357 3875 facile

309 3892 441 3966 intellegi
466 3896 576 3962 potest,
602 3888 757 3964 Sophoclis
781 3894 878 3971 Oeclip.
903 3895 998 3952 Goion.
1023 3915 1052 3954 v.
1075 3898 1146 3953 593.
1171 3895 1219 3958 ed.
1242 3897 1358 3976 Herm,
1421 3891 1422 3954 3

310 3978 360 4035 nbi
387 3984 539 4051 postquam
562 3972 812 4034 Theseus'tlixit:

490 4068 557 4123 ’Att’
579 4072 610 4127 tr
626 4078 726 4144 βραχεῖ
743 4069 777 4140 δὴ
794 4067 874 4139 τήνδε
894 4072 927 4145 μ’
949 4074 1050 4134 ἐξαιτεῖ
1059 4071 1165 4148 gripta,

308 4160 463 4237 respondet
483 4158 635 4235 Oedipus:

502 4252 570 4331 Ὅρα
591 4276 623 4326 γε
642 4252 711 4327 μήν·
731 4254 763 4313 ori
781 4241 903 4333 σμᾶρῆς,
923 4254 983 4327 οὔκ,
1001 4258 1081 4328 ἀγών
1098 4258 1154 4315 ὅδε.
