2850 4842
507 472 639 561 οδι’·
842 512 848 521 -
1063 484 1128 555 uo

85 658 119 711 ut
144 670 181 711 eo
207 646 272 707 looo
300 646 343 704 nti
365 646 426 704 ium
453 664 514 702 non
535 644 690 719 poscimur·
734 643 793 706 Per
810 649 937 710 ironiam
956 662 1052 713 eutem
1074 673 1129 728 po·

85 738 168 795 nitur
187 736 246 792 iota
272 728 429 803 explicatio
455 728 578 789 ocfionie
598 728 715 789 ulieuee
735 731 767 790 in
790 728 944 811 Sophoclis
967 738 1130 798 Trachiniis

85 839 117 880 v.
139 823 262 891 380811.
282 813 330 875 ed·
352 809 456 873 Herm·

585 906 639 1008 Τῆς
654 938 759 1001 ἐκεῖνος
775 940 884 1008 οὐδαμὰ

295 1005 413 1078 βλάστας
431 1003 535 1081 δφολνει
552 1006 640 1075 δῆθεν
657 1007 741 1065 οὐδὲν
757 998 890 1083 λσιοριόν.

88 1133 288 1195 Ohiectum
308 1151 473 1191 errorem
495 1129 640 1206 significet
660 1132 798 1205 particule
815 1130 920 1214 δῆθεν
933 1136 966 1193 in
984 1133 1031 1197 hie
1045 1138 1128 1216 locio,

88 1227 122 1277 ut
142 1228 238 1277 tomen
259 1218 385 1292 speciem
406 1214 551 1289 quendem
570 1216 634 1273 veri
653 1235 725 1289 prce
743 1234 774 1275 ee
796 1215 887 1290 ieret,
915 1214 1128 1293 Xenophontis

87 1304 127 1361 de
149 1302 308 1377 Disciplina
337 1300 403 1371 Gyri
423 1298 474 1359 lib.
495 1293 554 1355 IV.
582 1318 645 1372 cap.
670 1304 700 1357 6.
723 1302 752 1369 §.
776 1304 805 1356 3.
844 1288 924 1379 'Eyul
943 1298 1005 1378 μὲν
1025 1298 1130 1382 ἐπεμ-
1202 1297 1203 1300 “

87 1378 209 1487 ιράμῆν
227 1380 313 1461 μέγα
334 1379 477 1463 φρονῶν,
498 1374 553 1443 ὅτι
573 1377 679 1462 δῆθεν
698 1380 759 1479 τῆρ
777 1378 942 1459 βασιλέως
960 1381 1131 1468 θυγατρὸς

90 1476 243 1549 οψοιμρν
263 1458 321 1526 τὸν
342 1457 421 1538 ἐμὸν
442 1456 514 1525 υἱὸν
537 1460 679 1545 γαμέτην
697 1482 779 1533 κτα,
801 1462 878 1537 quod
898 1462 1009 1525 Latine
1030 1470 1129 1542 ipsum

88 1570 210 1624 quoque
237 1548 375 1631 uidelicet,
396 1546 502 1606 seilicet
522 1545 579 1606 dici
600 1552 717 1622 potest,
737 1542 884 1623 Aeschyli
908 1550 942 1609 in
964 1552 1129 1612 Ρεσιιιοιλοο
1212 1562 1220 1576 ·

87 1640 258 1709 r.2018q.
1054 1674 1059 1683 .

300 1754 337 1810 Oi
353 1754 408 1825 μὲν
424 1757 552 1816 θέλοντες
569 1756 695 1824 διαβαλεῖν
712 1756 796 1827 ἕδρας
811 1755 929 1831 Κρόνον,

298 1821 336 1884 ὥς
353 1821 426 1907 {ode
440 1820 556 1907 δνιὶρσσι
576 1826 671 1910 δῆθενΙ
692 1827 720 1879 οἱ
736 1827 769 1909 δὲ
786 1822 942 1896 τοῦμπαλιν

298 1893 473 1961 σπευδοντες,
489 1911 527 1952 ως
543 1898 615 1954 Ζευς
632 1892 730 1964 μνῆμαί
746 1897 854 1969 αρξειεν
863 1899 948 1953 θεῶν.

87 2036 241 2091 eorumne
263 2030 296 2088 in
315 2026 418 2088 endem
437 2026 538 2087 subulo
559 2050 588 2089 r.
610 2031 684 2091 986.

252 2151 452 2231 Ἐκερτὸμησας
467 2156 554 2224 δῆθεν
571 2154 609 2218 oic
628 2156 709 2214 παῖδ’
734 2154 800 2217 ὄντα
814 2180 861 2233 με.

87 2280 138 2341 De
159 2278 421 2353 simulatione,
457 2298 533 2353 quoe
553 2278 641 2338 focile
666 2282 795 2341 nascitur
824 2302 863 2340 ex
886 2282 994 2340 mentio
1016 2280 1131 2357 rignid-

88 2366 205 2423 catione
228 2382 273 2438 eu,
296 2381 372 2436 quae
393 2362 529 2421 obiicitur
550 2363 627 2437 eliis,
648 2383 714 2421 cum
738 2372 835 2422 tumen
848 2384 881 2423 re
893 2384 964 2425 veru
982 2364 1068 2423 ulium
1084 2384 1131 2423 oo·

88 2450 261 2524 gitutionem
297 2445 370 2504 ulter
401 2443 522 2521 hubent,
552 2443 738 2522 Hnrtuugiue
765 2448 837 2508 tales
864 2448 945 2507 locor
971 2450 1132 2521 composuit

89 2532 211 2608 plures,
247 2528 342 2603 qualis
364 2536 406 2587 oct
434 2525 615 2604 Thucydidis
632 2528 685 2588 tib.
706 2528 731 2587 I.
752 2552 814 2606 cup.
843 2536 914 2589 127.
960 2530 1067 2593 Τοῦτο
1090 2524 1131 2611 δῆ

89 2609 131 2676 τὸ
159 2604 240 2694 ὅγος
273 2602 307 2673 ολ
332 2605 603 2689 Λακεδαιμόνιοι
636 2604 785 2675 ἐλαύνειν
809 2604 961 2677 ἐκέλευον
986 2610 1132 2693 δῆθεν

90 2696 166 2770 τοῖς
184 2696 281 2769 θεοῖς
302 2693 438 2775 πρῶτον
453 2694 680 2777 τιμωροῦντες,
692 2693 862 2777 Περικλέα
882 2693 920 2761 δὲ
941 2687 1043 2757 ελδό
1056 2715 1074 2755 τ
1086 2715 1102 2756 ε
1114 2714 1133 2769 ς

91 2775 152 2841 τὸν
178 2771 382 2843 Ξανθίππου
411 2775 656 2859 προσεχόμενον
684 2769 775 2861 αὐτῷ
798 2775 883 2841 κατὰ
904 2773 963 2863 τῆν
981 2773 1131 2859 μητέρα,
1222 2838 1226 2845 ,

94 2862 149 2919 nbi
174 2858 276 2940 δῆθεν
299 2859 373 2917 illud
397 2859 569 2930 introducit,
602 2859 681 2934 qnod
699 2872 851 2921 externum
879 2863 1008 2937 epeciem
1031 2859 1132 2934 habel,
1171 2930 1173 2941 Ι

94 2936 224 3017 εἰδότες
243 2952 336 3000 nutem
360 2944 489 3017 pertinet
515 2939 621 3016 adid,
653 2942 733 3015 qnod
755 2965 787 3003 re
808 2964 880 3003 vera
901 2953 973 3005 erut.
1016 2940 1133 3001 Similis

93 3046 196 3086 censen
221 3031 267 3086 eet
296 3028 360 3085 eine
387 3020 466 3100 loci,
501 3027 554 3099 qui
586 3025 693 3101 legitur
713 3026 822 3085 ibidem
850 3046 912 3101 cep.
935 3030 986 3084 92.
1033 3018 1075 3087 Ol
1094 3020 1133 3088 dd

92 3100 365 3186 Λακεδαιμόνιοι
402 3098 603 3185 ἀκούσαντες
643 3098 748 3191 ὀργῆν
784 3102 846 3186 μὲν
877 3102 1025 3193 φανερὰν
1070 3097 1132 3169 οὒκ

94 3188 272 3256 ἐποιοῦντο
293 3193 365 3266 τοῖς
380 3182 585 3270 Ἀθηναίοις·
608 3181 687 3253 οὐδὲ
702 3186 772 3274 Ιγὰρ
794 3184 853 3253 ἐπὶ
874 3186 1022 3273 κωλύμη,
1046 3179 1134 3251 ἀλλὰ

92 3268 226 3357 γνώμης
238 3270 436 3355 παραινέσει
455 3272 559 3353 δῆθεν
576 3273 622 3356 τῷ
644 3273 744 3356 κοινῷ
764 3264 1052 3353 ἐπρεσβεύσαντο,
1073 3292 1134 3345 quo

93 3362 129 3417 in
149 3358 212 3416 loco
233 3354 344 3417 Latine
368 3358 425 3416 dici
449 3352 506 3414 hoc
529 3355 606 3415 idem
627 3364 724 3430 potest
745 3356 880 3415 videlicet«
922 3352 1027 3431 Neque
1049 3355 1134 3415 aliter

94 3461 130 3502 ue
154 3438 241 3499 habet
267 3438 412 3500 Herodoti
432 3438 484 3497 lib.
506 3436 532 3501 l.
555 3460 617 3515 cap.
639 3442 691 3497 59.
722 3428 854 3501 ’illunc
876 3432 910 3511 ἐς
930 3434 990 3521 τῆν
1011 3428 1134 3521 ἀγορῆν

91 3520 134 3587 τὸ
160 3520 286 3604 ζεῦγος,
313 3516 359 3597 ὡς
384 3518 599 3623 ἐκπεφευγὼς
618 3512 697 3596 τούς
718 3513 875 3603 ἐχθρούς,
906 3514 943 3583 ol'
958 3541 1016 3599 μιν
1037 3514 1134 3583 ἐλαύ-

94 3626 192 3670 νοντα
214 3601 249 3683 ἐς
269 3598 371 3690 ἀγρὸν
388 3596 558 3690 ἠθέλησαν
575 3602 742 3669 απολέσαι
760 3601 889 3687 δῆθεν,
912 3604 962 3663 ubi
986 3602 1134 3677 quoditie

94 3690 261 3765 simulavit,
282 3710 316 3749 re
331 3710 402 3749 veru
422 3710 481 3747 uon
503 3698 573 3749 erut.
616 3686 662 3746 ltu
681 3696 757 3747 recte
778 3685 893 3761 quidem
916 3683 1020 3769 δῆθεν
1037 3684 1135 3761 expli*

95 3776 157 3833 ueri
176 3775 282 3851 poterit
302 3794 357 3849 per
379 3792 478 3833 uocem
504 3765 693 3854 πρόφασιν,
719 3771 796 3846 quod
818 3769 963 3830 Deuuriue
984 3771 1053 3828 lecit
1073 3767 1134 3827 rol.

94 3854 122 3917 l.
150 3878 179 3931 p.
209 3858 277 3928 65„
311 3856 397 3915 modo
421 3858 589 3915 memineris
618 3854 676 3913 ulio
708 3856 833 3932 quodum
857 3853 944 3913 modo
972 3851 1028 3911 hoc
1057 3852 1135 3911 idem

95 3940 171 4014 dici,
204 3942 229 3996 si
257 3932 432 4024 πρόφασιν
460 3938 556 4012 hene,
587 3958 621 3997 uc
648 3941 675 3997 oi
701 3938 815 4023 δῆθεν.
862 3936 929 3999 Hoc
956 3934 1036 3997 eninr
1063 3942 1136 3995 tecte

94 4021 170 4083 illud
195 4022 280 4096 dicit,
302 4016 475 4107 πρόφασιν
496 4031 602 4096 operte.

180 4104 337 4167 Praetereo
367 4106 425 4165 hoc
445 4102 640 4163 adnotandum
666 4103 783 4162 videtur
806 4101 931 4161 formum
956 4098 1044 4159 huiue
1069 4120 1137 4177 par·

93 4189 199 4251 ticulue
220 4187 326 4274 δῆθε,
348 4210 423 4265 quae
445 4187 569 4249 hohetur
586 4191 618 4247 iu
641 4184 796 4263 Euripidis
818 4186 932 4265 Electra
951 4204 980 4245 v.
1003 4188 1075 4244 268.

135 4389 169 4453 Η
301 4317 350 4380 Ὡς
363 4319 433 4386 δῆθε
452 4319 555 4381 παῖδας
570 4316 610 4389 μῆ
627 4320 715 4380 cinon
737 4310 926 4445 ποινάτοραὲῆ
