2850 4842
296 488 361 558 τοι
643 478 752 575 ὅκοι
780 497 818 552 ⁶⁸
847 485 997 573 μέντοι·

296 680 349 721 cor
367 649 410 718 bis
430 660 478 719 tta
497 676 535 717 su
551 658 604 717 dea
619 657 827 718 Fomsoldotec.
869 652 938 717 vix
949 657 1030 716 culm
1043 657 1188 715 sententia
1202 664 1345 737 mutator,

297 742 350 805 sed
378 743 436 802 alia
463 741 663 803 similitudinis
687 743 762 799 ratio
789 745 852 815 cst,
881 742 929 798 cui
951 742 1045 798 omnis
1065 738 1113 797 liic
1132 743 1345 815 particularum

297 845 367 887 usus
387 829 530 899 subiectus
551 834 605 886 est.
648 822 727 883 Hinc
746 826 833 883 etiem
852 844 908 884 usu
928 825 1029 882 venire
1047 823 1174 899 videtur,
1195 830 1344 889 utmultis

295 914 328 970 in
354 913 424 971 locis
444 912 584 969 librorum
603 910 710 983 partim
731 895 808 992 όχρι
829 906 1008 983 exhibeant,
1038 907 1089 966 alii
1111 916 1207 967 antem
1228 908 1339 995 μέχρι.

294 994 346 1055 Sic
368 992 443 1069 apud
466 993 592 1052 eundem
612 990 777 1050 Lacianum
798 992 867 1050 diol.
885 1000 969 1050 mort.
988 988 1130 1051 XXVII.
1153 996 1180 1064 §.
1195 998 1225 1051 7.
1246 1015 1339 1067 quom

294 1076 383 1154 volgo
409 1078 570 1152 legaretur:
602 1067 621 1137 ὁ
652 1071 690 1139 δέ
714 1071 886 1155 βέλτιστος
899 1066 1021 1159 Ἑρμῆς
1047 1065 1213 1178 ’ἀράμενος
1237 1069 1341 1140 αὐτόν

294 1154 446 1239 ἐκόμισεν
468 1150 544 1243 όχρι
566 1152 654 1242 πρὸς
673 1152 711 1219 τὸ
734 1158 941 1241 πορθμεῖον,
963 1152 1028 1237 c'yal
1050 1156 1087 1223 δε
1106 1154 1258 1239 dydimo„
1285 1182 1341 1237 ego

293 1265 333 1305 ex
353 1244 438 1303 libris
460 1242 627 1303 Gorliceusi
648 1248 677 1300 et
698 1239 794 1299 Paris.
810 1247 902 1299 3011.
916 1243 1068 1315 rescripsi:
1091 1234 1228 1320 ἐκόμισε
1240 1239 1342 1329 μέχρι

292 1322 381 1410 πρὸς
408 1321 445 1388 τό
474 1324 683 1406 πορθμεῖον,
708 1324 794 1384 libris
820 1326 946 1399 optumis
973 1326 1140 1399 obsecutus,
1166 1328 1233 1383 non‘
1261 1329 1342 1403 quod

283 1413 503 1481 ,existumarem
527 1408 650 1469 altorum
679 1408 736 1466 dici
758 1410 814 1466 isto
838 1408 901 1466 loco
930 1428 990 1467 non
1014 1410 1157 1484 potuisse,
1188 1410 1242 1467 sed
1269 1414 1341 1485 qnia

291 1496 469 1556 commodius
489 1496 612 1569 scriptor
632 1494 772 1551 orationis
793 1490 1013 1550 similitudinem
1034 1494 1066 1549 in
1082 1512 1116 1551 eo
1129 1492 1193 1551 loco
1205 1514 1225 1551 a
1239 1495 1339 1572 longi·

291 1580 410 1653 tudine,
440 1599 528 1653 qnam
556 1578 593 1635 ab
623 1576 776 1633 altitudine
803 1578 944 1649 petivisse
970 1575 1129 1635 videretur.
1179 1574 1340 1639 Interdum

289 1663 427 1721 videntur
446 1664 603 1737 scriptores
620 1662 680 1733 ipsi
698 1658 735 1718 de
755 1659 897 1717 industria
916 1661 1045 1718 variasse
1058 1662 1233 1735 orationem,
1250 1664 1341 1722 modo

170 1798 172 1801 .
290 1736 379 1829 dxpc,
404 1743 490 1803 modo
510 1739 607 1827 μέχρι
629 1751 781 1828 ponentes,
803 1764 891 1818 qoem
911 1744 949 1803 ad
969 1744 1087 1801 modurn
1107 1740 1286 1819 Xenophon
1308 1752 1339 1806 in

288 1830 475 1905 appetitione
499 1830 563 1901 σμι
590 1827 641 1887 lib.
664 1824 706 1884 v.
728 1847 791 1901 cap.
813 1830 842 1885 ι.
865 1831 893 1900 ς.
916 1831 945 1883 ι.
976 1830 1110 1901 sarpam
1144 1824 1262 1913 Μέχρι
1288 1827 1338 1894 ἕν-

262 1914 401 1974 -ταῦθοι
431 1903 604 1988 ἐπέζευσεν
632 1901 653 1992 ἡ
679 1901 829 1993 στρατιά.
872 1908 1017 1993 Πλῆθος
1036 1911 1096 1993 τῆς
1116 1908 1338 1990 καταβάσεως

287 1996 348 2076 τῆς
368 1987 450 2057 ὁδοῦ
472 1984 541 2056 ἀπό
565 1993 624 2077 τῆς
646 1988 679 2055 έν
694 1991 870 2072 Βαβυλῶνι
879 1987 996 2093 μάχης
1011 1983 1088 2078 όχρι
1103 1986 1152 2067 εἷς
1164 1992 1337 2083 Κοτύωρα

288 2073 436 2157 σταθμοὶ
466 2070 584 2139 ἑκατόν
611 2067 719 2137 sileam
748 2068 808 2138 δύο
836 2096 900 2137 κτε.
942 2075 1039 2151 Saepe
1067 2080 1154 2135 etiam
1183 2085 1336 2151 genitivus

287 2181 369 2221 casus
390 2180 549 2235 suspensus
566 2166 611 2218 est
625 2159 661 2218 ab
676 2157 730 2217 liae
744 2159 894 2233 particula,
917 2181 992 2232 qaae
1005 2163 1094 2218 etiam
1103 2167 1334 2235 praepositionis

285 2247 381 2305 instar
402 2252 574 2319 usur-prator,
604 2243 697 2302 veluti
721 2240 842 2300 deloco
871 2243 1015 2302 dicituro
1035 2241 1169 2301 aniano
1192 2248 1227 2304 in
1254 2252 1335 2308 Veris

269 2329 412 2389 *historiis
432 2325 484 2386 lib.
505 2325 530 2389 1.
552 2330 580 2399 §.
600 2332 630 2385 7.
655 2317 754 2408 ’Ἀχρι
773 2315 899 2387 τούτων
910 2319 1078 2410 Ἡρακλῆς
1097 2322 1154 2390 καὶ
1165 2322 1336 2407 Διόνυσος

285 2404 468 2492 ἀφίκοντο,
489 2418 538 2468 aut
562 2408 598 2467 de
618 2430 744 2483 persona
764 2409 921 2468 abeodem
943 2412 1084 2485 scriptore
1104 2412 1137 2468 in
1154 2414 1331 2473 Diolmort.

283 2492 343 2553 Xl.
360 2498 387 2565 §.
405 2500 436 2553 7.
467 2486 596 2554 Οὐκοῦν
617 2485 711 2566 ὑμεῖς
731 2487 792 2570 μὲν
814 2486 929 2570 ἕξομεν
950 2483 1125 2556 κάνταῦθα
1146 2490 1202 2591 τὸν
1221 2495 1333 2560 πλοῦ-

165 2628 172 2641 .
281 2596 348 2649 τον,
372 2568 404 2637 οἱ
427 2572 464 2638 δέ
484 2565 605 2655 ὀβολόν
626 2568 955 2659 ἥξουσικομίζοντες
975 2571 1031 2637 καὶ
1048 2576 1165 2640 τοῦτον
1178 2568 1332 2665 ἂχριτοῖι

281 2652 479 2743 πορθμέως.
486 2701 495 2729 ,
517 2676 576 2731 qna
600 2656 637 2715 dc
659 2677 692 2716 re
714 2656 844 2716 hicnon
864 2667 907 2717 est
927 2659 1043 2718 dicendi
1063 2660 1152 2719 locus.

366 2737 464 2816 Saepe
494 2760 583 2815 porro
611 2740 647 2800 ds
675 2748 806 2815 tempore
831 2749 971 2816 usurpata
998 2752 1042 2802 est
1068 2743 1209 2819 particula
1241 2734 1330 2830 dixpc,

282 2825 397 2900 saepius
425 2825 515 2883 etiam
541 2820 655 2909 μέχρι,
685 2826 791 2899 quibus
821 2827 853 2883 in
883 2827 956 2885 locis
979 2826 1042 2886 sere
1068 2828 1146 2886 idem
1169 2828 1332 2890 discrimen

281 2908 356 2967 solet
375 2928 448 2982 esse,
469 2907 560 2968 veluti
582 2906 659 2983 quod
680 2908 785 2967 dicitur
802 2910 835 2967 in
858 2908 985 2982 ocyma
1004 2911 1055 2969 lib.
1068 2908 1192 2972 XVIII.
1205 2935 1238 2973 v.
1254 2920 1331 2974 ³70.

281 2984 411 3076 νήστιες
431 2986 506 3073 όχρι
527 2983 620 3069 μάλα
639 2987 814 3075 κνέφαος,
843 2993 922 3066 qnod
944 3001 1005 3052 eat:
1022 2994 1078 3055 ,ιιι
1098 2996 1155 3068 tias
1170 2998 1284 3071 heroos
1298 3004 1329 3057 io

280 3076 326 3135 &a
345 3076 458 3146 Nectit,
491 3080 541 3133 aut
561 3074 639 3149 qnod
662 3075 739 3151 apud
759 3074 991 3137 Demosthenem
1013 3076 1119 3137 dicitnr
1138 3081 1171 3137 in
1193 3086 1330 3141 oratione
1423 3111 1424 3114 ¹

221 3170 223 3178 '
280 3168 379 3219 contro
402 3160 564 3237 Philippum
586 3162 672 3219 tertia
691 3164 719 3231 §.
743 3164 794 3217 28.
818 3160 863 3219 ed.
887 3158 986 3219 Bell.
1006 3183 1039 3236 p.
1058 3168 1129 3221 118.
1151 3162 1198 3222 ed.
1220 3163 1329 3229 Rmk.

278 3238 348 3305 Ital
373 3233 471 3305 ταῦθ’
496 3236 639 3327 ὁρῶντες
666 3236 698 3305 ol
717 3238 872 3343 Ἓλληνες
899 3239 1045 3319 ἅπαντες
1068 3240 1125 3308 καὶ
1146 3238 1327 3322 ἀκούοντες

266 3316 319 3387 ὀὗ
348 3321 526 3403 πέμπομεν
552 3324 712 3407 πρέσβεις
739 3322 828 3432 πρὸς
855 3321 1019 3410 αλλήλοις
1042 3324 1098 3390 καὶ
1119 3320 1329 3410 ἀγανακτοῦ-

277 3427 347 3484 μεν,
370 3403 457 3470 οὕτω
481 3405 518 3472 δέ
539 3410 648 3483 κακῶς
669 3406 870 3488 διακειμιθα
893 3406 948 3473 καὶ
967 3405 1228 3513 όισρωρόμμεθοι
1241 3408 1329 3476 κατὰ

277 3481 411 3562 πόλεις,
441 3482 521 3554 ὥστ’
547 3480 624 3588 όῖριρι
651 3492 711 3589 τνῐς
732 3488 875 3577 τήμερον
895 3486 1021 3578 ἡμέρας
1041 3489 1138 3558 οὐδέν
1159 3488 1238 3560 οὔτε
1260 3498 1329 3559 τῶν

278 3565 514 3656 συμφερόντων
542 3594 618 3637 οοτε
646 3594 712 3637 των
736 3570 875 3639 δεόντων
896 3574 1025 3660 πρᾶξαι
1047 3573 1224 3656 δυνάμεθα
1246 3572 1327 3645 οὐδὲ

278 3655 436 3737 συστῆναι
465 3650 546 3729 md„
580 3657 658 3733 quod
681 3666 726 3717 est
751 3660 850 3735 paullo
873 3660 958 3719 aliter
978 3660 1083 3721 dictum
1109 3682 1142 3719 nc
1162 3665 1188 3720 si
1211 3662 1326 3723 Demo·

277 3734 394 3798 sthenes
412 3743 588 3815 scripsisset:
622 3736 706 3805 dlocc
721 3740 818 3824 μέχρι
830 3738 891 3825 ’τῆς
904 3737 1048 3826 τήμερον
1062 3739 1200 3829 ἡμέρας.
1245 3746 1327 3806 Illud

276 3824 356 3879 eninr
376 3830 439 3880 est:
462 3824 506 3881 laic
526 3823 632 3896 lwrcof
648 3844 687 3881 zo
707 3826 769 3885 deos
789 3829 917 3902 loutipco
930 3832 1018 3905 Τσρι,
1038 3839 1104 3889 aut:
1127 3829 1171 3887 dir
1186 3832 1248 3905 cof
1255 3834 1326 3891 lea-
1422 3845 1423 3878 t

276 3909 352 3979 tipea
379 3908 458 3979 I'cp,
488 3905 612 3964 alterum
640 3904 719 3966 esset
743 3910 930 3985 simpliciter:
961 3912 1004 3970 die
1032 3932 1070 3971 zo
1100 3913 1163 3972 dem
1191 3914 1326 3992 leutico»
1422 3955 1423 3964 2

278 3991 365 4071 Ψαρο.
408 3984 471 4046 Sed
498 4008 546 4049 res
574 3999 670 4049 tamen
699 3994 741 4050 ito
771 4003 937 4069 comparata
964 4004 1026 4072 est,
1054 4004 1088 4054 nt
1113 3999 1146 4056 is
1175 3996 1231 4073 lais
1251 4000 1324 4057 Icelo
1422 4021 1423 4024 ¹

274 4070 338 4130 sere
364 4069 502 4131 alterutra
528 4076 668 4148 particnla
694 4078 767 4151 poni
796 4087 892 4153 quaeat.
934 4076 1108 4155 Eodemque
1135 4081 1223 4141 modo
1245 4071 1323 4163 όχρι

274 4152 331 4213 νῦν
353 4165 382 4213 et
404 4153 500 4240 μέχρι
521 4154 577 4221 νῦν
602 4170 631 4217 ct
656 4180 732 4235 qnae
753 4170 820 4220 sunt
838 4163 946 4221 similia
967 4164 1111 4225 dicontur.

294 4265 301 4273 -
358 4234 475 4298 Deinde
494 4232 575 4323 ἰ’έχρι
597 4246 684 4302 etiam
706 4244 742 4304 de
767 4246 835 4305 aliis
857 4248 944 4307 rebus
966 4248 1070 4309 dicitnr
1091 4248 1130 4307 ed
1150 4246 1322 4325 significan-

274 4311 343 4373 dum
363 4320 490 4396 modum,
510 4324 547 4381 nd
567 4346 655 4399 quem
675 4346 767 4402 nsque
786 4330 887 4405 aliqua
905 4351 954 4391 res
974 4333 1037 4411 liat,
1062 4334 1170 4413 quibu
1191 4333 1230 4391 in
1249 4332 1323 4391 locis
1422 4345 1424 4422 j
