2850 4842
266 382 332 461 104Ι
598 466 602 471 ¹
761 369 820 445 iia.

265 546 395 626 linguae
410 549 649 612 consuetudinem
679 548 837 626 explorare
867 547 1003 609 veturs.
1057 544 1120 611 Sed
1148 554 1214 608 snut
1241 545 1316 609 Ιιικ

265 639 354 696 etiarn
374 634 452 695 eiius
471 637 602 712 generis,
627 646 660 693 ut
682 634 760 694 inira
784 635 816 691 iu
837 632 987 707 particulis
1007 619 1068 694 ude
1090 631 1264 693 ridebimus.

351 715 457 794 Neque
486 739 542 795 ego
565 718 651 778 credo
675 718 858 779 infinitivum
879 719 903 775 si
927 714 1044 791 quaudo
1066 738 1120 791 pro
1141 717 1317 790 imperative

265 802 378 908 positus
406 822 473 863 esse
502 804 655 879 rideatur,
682 804 759 863 bene
789 800 950 860 consociari
975 820 1064 875 posse
1085 822 1149 859 cunr
1169 799 1319 874 particule

268 877 320 950 α’ν.
363 883 440 947 Nam
452 906 543 945 neruo
561 888 679 963 negabit
697 886 866 945 rectissume
883 904 963 943 nunc
980 884 1028 943 edi
1041 881 1317 958 aprudHerodotuns

266 969 320 1029 lib.
344 966 400 1029 111.
422 970 488 1043 capi
508 972 579 1028 155.
614 961 768 1048 ’Eydvccov
797 964 835 1031 dd
861 988 885 1047 μ
899 961 946 1031 're
973 959 1007 1029 oi
1028 960 1189 1050 πρότεροι
1209 962 1317 1048 μηδὲν

261 1042 587 1129 ·ιῶν’ἇμυιοι3νιων,
615 1029 699 1153 pp'ce
721 1037 830 1121 οὗτοι,
861 988 948 1135 eripe
972 1044 1188 1135 ἐγχειριδίων·
1212 1050 1316 1148 rodco

268 1130 307 1237 (ἑὲ
336 1128 394 1199 ἐᾶν
424 1127 534 1214 tiara,
562 1156 622 1211 qno
647 1156 680 1197 ιιι
709 1135 774 1197 loco
802 1134 873 1195 olim
895 1132 1061 1210 legebatur:
1092 1134 1191 1199 τοῦτο
1213 1128 1251 1198 δὲ
1272 1124 1317 1196 r’zv

269 1237 365 1297 exeso.

350 1297 403 1361 sto
424 1302 516 1379 igitur
535 1303 682 1363 existumo
701 1309 779 1363 recte
800 1322 818 1361 a
837 1298 966 1361 Dererio
984 1307 1153 1376 exempturo
1174 1318 1238 1359 esse
1257 1300 1317 1358 ian·

269 1386 432 1459 peretirum
453 1406 494 1445 ex
515 1406 616 1447 eornm
637 1408 760 1447 nurnero
780 1384 944 1459 modorum,
962 1386 1013 1459 qui
1036 1406 1101 1443 curu
1116 1382 1258 1459 particula
1273 1374 1319 1445 iis

270 1471 411 1549 coniungi
435 1480 572 1547 possent,
600 1471 747 1547 planeque
771 1490 835 1529 cunr
859 1465 966 1529 Garolo
989 1468 1121 1545 Reisigio
1141 1468 1234 1542 tucio,
1262 1468 1319 1541 qui

267 1553 389 1629 negarit
420 1555 508 1617 istam
538 1555 681 1631 loquendi
711 1552 965 1615 consuetudinem.
982 1572 1118 1628 umquem
1133 1570 1164 1627 ‚a
1192 1546 1317 1610 Graecis

251 1644 414 1711 'receptam
444 1637 555 1714 fnisse,
586 1639 623 1699 de
647 1660 705 1713 qua
730 1638 896 1698 dubitanter
921 1636 1039 1711 quidern
1064 1634 1102 1695 G.
1127 1634 1316 1695 Hermanaas

269 1717 357 1797 dixit,
380 1720 515 1783 audacius
535 1743 606 1782 vero
627 1722 809 1783 adseveravit
829 1740 925 1795 nuper
943 1718 1004 1791 Ad.
1024 1718 1216 1795 Hertuugins.

351 1800 444 1867 Recte
459 1803 608 1865 Devarius
627 1827 658 1880 p.
672 1812 734 1881 27,
758 1815 790 1865 ut
811 1794 974 1879 explicaret
992 1824 1076 1863 usum
1097 1801 1258 1878 particulae
1274 1790 1317 1865 ἂν

158 1933 162 1940 .
269 1905 335 1944 cum
366 1888 493 1963 optativo
523 1892 709 1963 coniunctae,
742 1890 888 1963 proiectus
921 1895 967 1947 est
999 1890 1035 1947 ab
1060 1890 1191 1962 optativo
1218 1883 1317 1957 ruodo,

271 1969 388 2043 quando
424 1993 479 2045 per
515 1984 677 2035 scateret.
728 1968 788 2031 Sed
825 1971 947 2031 debebat
980 1982 1075 2033 temera
1099 1972 1225 2046 primaru
1253 1970 1316 2028 rins

270 2073 303 2111 ac
332 2063 504 2127 potestatem
530 2058 652 2131 optativi
680 2060 723 2114 ita
751 2048 913 2130 declarare,
942 2065 974 2113 ut
1002 2054 1104 2115 eadem
1135 2055 1223 2113 etiam
1254 2060 1316 2109 tum

270 2140 388 2213 agnosci
410 2149 526 2215 posset,
547 2143 575 2200 si
595 2161 659 2199 cum
681 2131 721 2202 ἂν
742 2140 882 2214 perticata
903 2138 956 2198 ille
976 2138 1077 2199 modus
1099 2148 1176 2199 esset
1200 2156 1316 2211 compo·

270 2220 355 2282 attus.
398 2220 557 2297 Optatirus
578 2228 657 2282 euim
677 2222 781 2283 modus
802 2243 857 2297 per·
875 2242 908 2281 se
930 2242 990 2281 nou
1009 2232 1068 2283 tam
1083 2222 1239 2297 optationis
1256 2220 1316 2277 rim

270 2304 303 2363 in
324 2325 357 2365 ss
376 2310 521 2383 eontinet,
549 2329 635 2383 quam
655 2308 839 2382 cogitationis
860 2308 995 2383 omnino,
1023 2306 1101 2367 uude
1122 2303 1317 2381 proficiscitur

271 2389 358 2447 etiarn
387 2392 482 2449 omnis
507 2392 624 2467 optatio.
667 2388 703 2449 Si
725 2392 815 2471 igitur
837 2388 915 2453 dixit
937 2392 1020 2453 verbi
1041 2410 1143 2452 caussa
1163 2386 1317 2463 Theognis

234 2526 242 2537 .
270 2490 300 2531 r.
324 2472 403 2535 1161
426 2493 512 2553 sqq-r

749 2660 751 2672 ,
870 2600 950 2657 'aaut
964 2621 1014 2676 μοι
1033 2580 1074 2670 rufi

462 2671 509 2739 ζῆν
528 2667 584 2727 ἀπὸ
602 2673 657 2726 τῶν
674 2670 785 2743 ὀλίγων,
803 2672 894 2745 μηδὲν
912 2674 1003 2743 ἔχοντι
1019 2667 1125 2741 suadac,

270 2804 337 2884 hoc,
357 2810 383 2867 si
404 2809 529 2884 primam
548 2796 706 2874 locutionis
727 2812 871 2888 originem
892 2798 1063 2887 spectamus,
1084 2806 1162 2868 nibil
1180 2816 1222 2867 est
1240 2808 1324 2868 nisis

158 2916 165 2927 ’
271 2893 329 2952 Sed
357 2898 447 2970 coquo
475 2894 544 2953 aridai
573 2902 666 2956 vivere
696 2897 730 2957 de
753 2900 867 2974 proruis,
898 2916 981 2973 (suom
1003 2895 1075 2957 uiirtt
1096 2894 1167 2953 urolt
1187 2891 1316 2950 lubecae.

271 2972 306 3034 Si
327 2978 408 3039 enisu
429 2976 517 3039 dicis:
540 2980 604 3039 eat
624 2980 694 3039 ιιιίῙιὶ
715 2999 876 3039 concessam
896 2984 934 3037 sit
954 2983 1047 3039 vivore
1068 2986 1129 3047 etc„
1152 2972 1207 3035 hoc
1227 2974 1314 3033 dicisx

271 3060 349 3123 Mat
375 3066 418 3120 ito
445 3066 541 3122 auimo
561 3064 621 3121 roui
642 3064 803 3136 couforauo,
832 3071 863 3120 ut
885 3082 929 3123 mc
949 3066 990 3121 sic
1011 3066 1104 3122 cicer-c
1126 3064 1243 3135 coptum
1263 3066 1316 3119 cro.

271 3140 350 3201 Hinc
370 3146 460 3203 etiam
482 3147 641 3220 optationis
655 3149 729 3205 ratio
743 3144 876 3220 proiecta
893 3154 945 3204 est.
988 3143 1066 3203 Nem
1082 3143 1159 3219 quod
1173 3150 1316 3218 optamus,

272 3225 641 3303 debebimus'cogitatione
669 3239 739 3301 aute
769 3230 948 3304 concepisse.
988 3226 1024 3288 Si
1048 3248 1126 3286 nuuc
1148 3224 1258 3285 accedit
1278 3224 1336 3283 ad·

271 3305 349 3370 launo
378 3312 559 3388 imaginandi
585 3312 703 3376 modum
729 3312 873 3387 particula
899 3302 955 3383 iia,
988 3322 1086 3371 manet
1114 3308 1231 3386 quidem
1261 3310 1318 3367 ists

271 3395 408 3468 proprius
442 3398 565 3470 optativi
600 3418 687 3472 usus,
726 3405 759 3455 ut
792 3394 904 3471 aliquid
932 3398 1056 3471 cogites,
1092 3404 1122 3452 at
1149 3396 1191 3453 ite
1219 3400 1319 3453 temen

272 3479 408 3551 cogitatio
430 3500 490 3538 non
509 3482 573 3539 ieru
588 3502 644 3557 per
662 3501 696 3542 se
716 3482 850 3556 poeitae,
870 3500 972 3539 verona
993 3485 1144 3538 revocator
1162 3477 1200 3537 ed
1221 3480 1318 3553 ipsrua

271 3561 435 3638 veritatem,
456 3584 542 3639 quem
560 3565 625 3625 sore
644 3566 836 3639 concedimus,
857 3563 907 3625 sed
922 3563 1091 3623 condicione
1106 3561 1216 3637 aliqua,
1238 3558 1319 3637 quod

272 3641 434 3705 declaratur
462 3668 516 3721 per
536 3650 709 3725 particulam
736 3637 788 3720 ito,
822 3669 897 3724 quae
921 3646 1084 3722 signifieat,
1112 3652 1138 3704 si
1165 3664 1211 3704 res
1235 3652 1317 3704 erret.

272 3724 400 3788 Adiecta
424 3732 516 3805 igitur·
541 3734 577 3790 ad
603 3736 762 3821 optativum
784 3734 841 3791 ista
860 3732 1001 3808 panicula
1022 3729 1078 3790 hoo
1100 3728 1220 3789 dicitur:
1249 3746 1317 3786 nes

272 3832 350 3873 rear
376 3815 433 3875 ita
462 3818 582 3874 auimo
608 3818 808 3891 cogitare,
838 3818 873 3876 si
896 3814 1047 3890 quaudo
1068 3813 1157 3886 siat,
1186 3810 1241 3870 hoc
1261 3820 1319 3887 cst,

272 3916 347 3973 rem,
368 3898 394 3955 si
413 3895 477 3972 fiat,
497 3900 538 3955 ita
558 3898 625 3959 fieri
646 3907 791 3974 oportere,
813 3920 854 3959 ex
874 3901 1050 3975 cogitatione
1069 3896 1189 3971 quidem
1206 3904 1318 3955 nostre.

357 3976 437 4037 Hinc
456 3983 544 4041 etiam
559 3980 639 4043 iilud
659 3984 822 4057 apparebit,
838 4004 899 4041 nou
921 3986 991 4042 satis
1012 3989 1095 4039 caute
1112 3990 1141 4038 et
1153 3977 1318 4037 Derarium

273 4070 303 4122 et
332 4062 407 4123 elios
437 4068 641 4139 grannmaueos
671 4070 702 4125 iu
723 4066 898 4140 expulicauda
922 4070 952 4127 ri
974 4087 1007 4124 uc
1028 4072 1169 4139 potestate
1188 4052 1230 4125 iia
1249 4082 1318 4136 pur·

273 4144 378 4205 tieuiae
405 4149 441 4209 ed
471 4152 632 4225 optativum
659 4150 806 4226 adpositae
828 4149 943 4210 Graeco
968 4151 1057 4209 verbo
1080 4141 1247 4209 divertor
1268 4156 1318 4204 aut

272 4226 384 4285 Latiae
415 4252 495 4306 posse
527 4256 595 4294 usos
627 4256 702 4296 esse.
757 4232 791 4295 Si
824 4236 903 4301 caira
935 4234 1052 4310 scripsit
1079 4228 1257 4295 Aristoteles
1286 4230 1321 4289 iu
