2850 4842
331 506 395 573 tto
806 488 902 585 tipo.
932 528 936 540 ·

332 666 477 757 ἀμείνων
503 660 614 757 ipati
645 667 706 732 τοῦ
735 659 853 732 ἀδίκου
878 659 902 751 ἢ
930 658 949 730 ὃ
974 668 1034 732 τοῦ
1057 663 1191 735 δικαίου
1211 668 1304 753 βίος,
1333 668 1376 752 ὡς

335 756 467 841 λέγουσι
499 748 582 828 ati„
609 755 642 813 in
670 773 707 812 eo
733 752 822 812 facile
846 751 1040 829 intellegitur,
1052 755 1196 829 particula
1225 747 1293 843 ἄρα
1320 760 1375 819 001.

333 845 389 919 ligi
419 861 459 901 ex
483 838 736 912 antecedentibus,
763 835 833 911 quid
859 835 896 897 de
920 839 1042 897 istorum
1066 835 1219 899 hominnm
1240 842 1375 917 opinione

333 924 502 988 habendam
528 926 565 983 sit
587 921 775 995 deauratio,
803 926 839 979 et‘
854 922 879 979 si
901 920 974 994 quid
993 921 1137 998 paradoxi
1157 926 1190 983 in
1210 923 1260 985 lais
1282 928 1376 987 verbis

325 1009 465 1085 'ineat-id
477 1016 554 1067 certe
566 1028 627 1065 non
640 1006 774 1081 proditur
788 1003 930 1078 particula
948 996 1022 1089 ἄρα.
1059 1000 1167 1082 Neque
1180 1008 1321 1085 dissimile
1334 1018 1376 1070 ert

290 1104 294 1110 “
334 1095 415 1171 quod
441 1092 493 1151 lib.
518 1091 551 1150 de
571 1110 602 1151 re
622 1090 734 1167 publicu
755 1084 812 1147 IV.
838 1110 868 1163 p.
892 1092 963 1150 199.
985 1088 1033 1149 ed.
1055 1088 1156 1153 Bekk.
1185 1114 1215 1167 p:
1241 1098 1313 1153 438.
1334 1094 1375 1155 A.

182 1184 192 1200 ‘
335 1179 385 1241 cd·
405 1176 446 1236 ll.
460 1173 564 1250 Steph.
585 1174 709 1250 legiturz
736 1164 865 1246 Πάντες
886 1167 949 1257 γὰρ
970 1164 1121 1255 donacio
1145 1166 1285 1254 ἀγαθῶν
1306 1173 1376 1241 ἐπι-

335 1261 503 1339 θυμοῦσιν
528 1250 608 1333 xri„
642 1257 693 1319 ubi
725 1254 802 1315 nihil
831 1259 899 1315 miri
929 1266 1006 1316 certa
1035 1265 1085 1315 aut
1110 1262 1306 1335 inexspectati
1333 1260 1375 1319 his

336 1346 434 1407 vorbis
456 1343 576 1417 dicitur,
605 1342 656 1401 aad
678 1339 751 1416 lton,
779 1339 858 1414 quod
878 1360 932 1399 nos
958 1339 1103 1401 dicamus:
1138 1348 1222 1401 Dorus
1246 1346 1311 1403 Aila
1332 1345 1375 1403 le-

233 1426 239 1443 '
335 1432 438 1508 paitrau
453 1428 493 1503 jo
511 1426 579 1498 (uel
599 1446 648 1485 um
667 1424 766 1495 Euda)
788 1424 837 1482 der
854 1426 962 1495 (iiten,
984 1427 1044 1501 nbi,
1064 1434 1097 1484 nt
1116 1429 1175 1486 iarn
1195 1448 1287 1503 supra
1306 1427 1376 1487 hanc

230 1580 236 1591 ι
335 1517 397 1576 vim
418 1511 575 1588 particulae
597 1500 663 1591 ἄρα
686 1508 886 1583 cognovimus,
908 1506 980 1566 illud
1000 1507 1191 1569 introducitur
1210 1509 1270 1570 lucc
1285 1512 1376 1587 modo,

338 1596 417 1673 quod
437 1595 580 1669 denique,
602 1600 634 1651 ut
654 1599 835 1667 comparatae
854 1610 902 1651 rea
924 1594 998 1669 aiut,
1021 1614 1124 1654 verum
1145 1614 1211 1655 esse
1234 1606 1376 1672 appareat,

337 1689 371 1739 ut
406 1677 463 1738 laac
496 1680 610 1737 ratione
646 1685 781 1736 acuatur·
798 1677 846 1734 ria
882 1676 1039 1750 particulae
1094 1671 1148 1763 cip.
1202 1677 1259 1739 Est
1293 1683 1376 1753 igitur

337 1765 410 1824 deon
434 1796 473 1805 —
498 1764 577 1834 aleo,
611 1762 683 1820 deon
705 1794 745 1803 -
763 1760 800 1835 je
831 1758 1014 1821 uertendum.
1091 1770 1103 1820 t
1130 1765 1171 1821 sic
1197 1765 1233 1821 iu
1261 1764 1375 1837 reliquis

337 1848 408 1907 locis
436 1847 579 1906 omnibus.
621 1842 727 1919 Neque
754 1845 833 1903 enirn
859 1852 922 1903 erat
949 1846 982 1903 in
1002 1842 1126 1907 Homeri
1148 1847 1265 1908 Iliados
1284 1849 1333 1908 lib.
1352 1844 1374 1907 l.

338 1952 369 1991 v·
390 1936 454 1992 2³⁷
477 1952 546 2092 'sp'
755 2006 829 2091 Περὶ
843 2002 897 2077 γάρ
916 2004 951 2084 ῥά
968 2004 1099 2078 ἑχαλκὸς
1116 2006 1221 2079 ἔλεψεν

502 2078 598 2132 avone
616 2092 645 2130 τε
663 2077 710 2129 καὶ
727 2078 835 2146 plosor.

337 2199 456 2264 baculus
477 2198 530 2259 ille
552 2195 699 2271 Achillia,
721 2199 772 2271 qui
794 2218 830 2256 eo
851 2196 915 2256 loco
937 2196 987 2257 vel
1008 2212 1148 2258 maxume
1166 2204 1297 2259 mortuus
1318 2220 1375 2259 esse

302 2296 306 2304 '
338 2286 478 2360 debebat,
506 2284 591 2358 quasi
604 2280 652 2341 'ad
673 2284 759 2342 vivos
779 2280 975 2355 revocandus,
1002 2281 1083 2357 quod
1101 2282 1172 2343 iecit
1188 2282 1375 2359 Hartuugiua,

338 2379 370 2430 ut
391 2372 435 2430 ris
455 2361 702 2449 particulaesdpcr
724 2366 877 2440 explorata
898 2366 1107 2440 perciperetur.

423 2450 538 2511 Eadem
562 2452 609 2510 ris
630 2468 662 2506 ac
685 2457 815 2523 potestas
836 2449 995 2525 particulae
1018 2440 1083 2532 ἄρα
1105 2453 1253 2510 autetiam
1276 2455 1310 2508 in
1332 2453 1374 2509 in-

340 2535 601 2608 terrogationibus,
629 2551 718 2605 quam
747 2552 809 2592 rem
836 2532 938 2609 adtigit
962 2530 1111 2593 Devariur
1134 2556 1161 2609 p.
1182 2538 1233 2592 41.
1274 2530 1376 2609 Neque

339 2620 422 2678 ‘enim
452 2636 505 2692 per
535 2634 566 2674 ae
592 2623 670 2674 recte
698 2614 775 2674 dixit
801 2619 834 2674 iu
860 2614 908 2675 his
939 2616 1012 2677 locis
1042 2610 1108 2702 ἄρα
1134 2638 1199 2678 esee
1227 2606 1375 2701 ἇορισιο-

215 2744 228 2754 -
340 2693 482 2782 λογικόν.
522 2694 601 2760 Nou
622 2701 647 2757 ei
670 2698 738 2758 dicit
759 2698 930 2777 Aeschylus
951 2702 982 2758 in
996 2704 1108 2779 Septem
1122 2702 1258 2762 aduersus
1273 2700 1375 2761 rictu

340 2805 369 2846 u.
392 2788 434 2843 92
455 2802 501 2859 eq.

588 2871 636 2929 Τίς
652 2859 671 2921 di
690 2889 707 2921 a
725 2867 834 2941 ῥύσεται
841 2894 851 2939 ,·
869 2875 909 2931 τίς
926 2864 975 2941 ἄρ’
997 2870 1143 2947 ἐπαρκέσει

439 2974 442 2980 ‚
544 2980 551 2993 .
582 2889 693 3006 dedali
710 2942 799 3005 decim
1048 2962 1051 2969 ·

340 3073 394 3131 par
420 3071 451 3111 ee
477 3044 544 3135 ἄρα
572 3049 648 3112 nihil
677 3073 743 3110 cum
771 3054 1002 3129 interrogatione
1026 3052 1116 3115 habet
1135 3021 1301 3129 commune,
1328 3050 1374 3111 aed
1418 3030 1419 3101 l

340 3143 458 3198 revocat
479 3138 599 3195 omuino
621 3134 781 3195 auditorem
803 3136 839 3195 ad
861 3146 1043 3211 praesentem
1064 3158 1163 3197 rarum
1184 3144 1308 3214 etatum,
1329 3137 1373 3211 qui

335 3228 391 3280 <aut
419 3224 451 3279 in
480 3219 715 3279 antecedentibus
743 3228 788 3278 est
815 3216 976 3295 descriptus
1001 3230 1050 3281 aut
1081 3222 1185 3299 facile,
1216 3222 1375 3299 praesertim

340 3307 374 3365 iu
394 3306 563 3364 narratione
583 3305 733 3378 sereneo,
759 3322 815 3378 per
831 3325 865 3365 aa
886 3305 1082 3382 intellegitur,
1112 3308 1213 3381 itaque
1234 3308 1317 3365 etiarn
1333 3302 1374 3361 hia

340 3390 374 3447 in
399 3389 471 3447 locis
500 3388 564 3447 tere
589 3386 666 3447 hanc
693 3390 868 3447 sententiam
896 3386 999 3448 habet:
1028 3390 1110 3449 rebus
1136 3396 1180 3450 itu
1203 3390 1373 3467 comparatis,

340 3470 483 3548 yelpuuc
504 3490 587 3547 quoru
606 3476 651 3529 tto
672 3475 740 3542 aiat,
762 3473 821 3529 uisi
842 3472 921 3547 quod
939 3473 1031 3533 multo
1044 3474 1139 3534 levius
1152 3472 1262 3533 iudicat
1274 3470 1383 3531 Graeca·

340 3553 483 3628 particula
498 3562 723 3630 remoratum,
745 3577 832 3631 quam
846 3556 909 3631 illa,
926 3576 1001 3630 quae
1014 3578 1069 3619 noa
1082 3556 1206 3617 docendi
1221 3576 1316 3616 caussa
1329 3573 1374 3627 pc·

341 3638 461 3713 sunaus,
483 3646 513 3696 et
533 3641 575 3697 sic
595 3638 756 3715 respondet
778 3639 866 3715 plana
884 3638 1059 3701 Latinorum
1079 3646 1175 3719 ipitur.
1219 3640 1299 3717 Ergo
1315 3638 1373 3695 licit

340 3720 528 3799 Aeschylus:
564 3723 634 3792 Quia
659 3728 746 3799 ipitur
774 3722 921 3797 defrudet?
950 3730 1013 3802 quia
1039 3730 1127 3802 ipitrtr
1147 3727 1252 3785 arcebit
1274 3724 1373 3783 &cmm

314 3828 319 3833 ·
341 3802 511 3866 unumve?
543 3802 585 3863 Et
604 3827 691 3879 quem
713 3806 751 3866 ad
771 3805 890 3866 modum
908 3805 964 3866 hoc
984 3814 1074 3885 tpitur
1091 3808 1314 3887 intellegendum
1333 3804 1374 3875 ait,

340 3896 474 3977 apparet,
496 3889 522 3949 ai
542 3888 728 3949 recordamur
749 3911 824 3966 quae
844 3884 1073 3968 praecesserint:

650 4021 713 4103 {ioci
726 4017 802 4102 ίὑπὲρ
820 4024 933 4109 τειχέων
1025 4064 1028 4071 .
1071 4088 1072 4093 ¹
1417 4052 1418 4061 ¹

649 4092 833 4175 c'tsvxcfcmc
850 4090 963 4175 o'prprut
980 4089 1046 4176 iude

651 4175 791 4229 ευτρεπης,
810 4160 858 4215 ἐπὶ
874 4164 957 4215 πολιν
974 4162 1090 4216 dautur.

340 4273 376 4335 Si
400 4275 435 4335 da
455 4275 511 4337 hoc
532 4278 596 4338 loco
616 4276 798 4359 Hartuugius
820 4282 841 4341 l.
858 4280 880 4342 l.
901 4280 1020 4359 plara.
1041 4280 1118 4343 hunc
1139 4298 1203 4341 esse
1222 4278 1262 4335 ait
1282 4288 1375 4333 corum

341 4356 592 4449 exonerationem,
614 4365 667 4437 qui
688 4363 725 4424 da
747 4367 859 4427 auxilio
880 4387 974 4444 prope
993 4366 1190 4443 desperarent,
1213 4380 1267 4439 per
1284 4376 1314 4418 tt
1324 4352 1376 4413 11⁰c
