2850 4842
202 3220 236 3273 rt
255 3214 298 3289 δή.

314 476 379 545 338
630 470 696 553 γε’,
729 467 778 551 γέ
806 492 898 546 τοι,
932 472 1050 552 γοῦν.

316 647 404 709 facile
420 652 550 719 apparet.
588 637 676 720 Quod
690 659 773 699 secus
789 647 845 713 est,
867 639 892 697 si
907 640 1052 713 praecedit
1064 640 1125 701 talc
1138 643 1274 719 uerbum,
1295 646 1370 720 quod

317 720 415 792 minus
436 748 499 787 cum
523 725 663 802 particula
684 723 834 783 coalescat.
877 720 929 781 Sic
951 726 1032 782 euim
1051 746 1109 800 quo
1126 728 1318 786 referendum
1334 727 1369 807 γὲ

319 824 411 891 essct,
438 815 535 871 urinas
563 817 692 869 exstaret
720 810 819 881 itaque
847 808 943 865 miuus
966 811 1106 866 concinna
1127 822 1203 870 esset
1225 815 1368 890 oratio‘).

319 900 418 978 Quam
439 898 476 957 ob
498 915 560 953 rem
581 897 615 951 in
638 888 849 965 Aristophanis
874 891 994 965 quidem
1013 894 1222 954 Ecclesiuzmie
1243 917 1274 957 v.
1299 901 1370 956 195.

314 976 369 1045 'ubi
389 981 461 1041 baec
481 977 641 1040 habenturr

711 1087 734 1137 ¹·
778 1052 861 1138 xJllpd]
876 1054 974 1139 ,ilfi-32⁹
993 1057 1047 1108 νῦν
1063 1058 1163 1138 la‘yrra

398 1168 402 1177 .
506 1122 543 1178 Τὸ
562 1138 739 1195 συμμαχικυν
756 1142 792 1175 ctu
810 1129 896 1189 rond,
915 1142 944 1176 or
974 1125 1181 1194 ἐσκοποιψεθα,

502 1196 527 1246 cl
544 1190 582 1262 μὴ
599 1188 713 1260 γένοιτ’,
735 1189 851 1245 ἀπολεῖν
869 1192 994 1261 ἔφασκον
1011 1190 1061 1259 τὴν
1079 1189 1176 1247 πόλιν·

502 1259 545 1315 lire
563 1256 596 1327 dri
614 1258 643 1329 y'
664 1258 779 1328 ἐγένετ’,
798 1255 918 1328 ἤχθοντο
935 1260 989 1312 ml.

318 1350 465 1427 volgatam
488 1351 674 1423 scripturam,
703 1368 791 1421 quam
818 1350 1016 1422 comprobavit
1043 1352 1131 1408 etiam
1156 1349 1226 1409 libri
1247 1346 1367 1407 Raven-

318 1439 395 1493 natis
424 1435 636 1507 testimonium,
662 1452 721 1488 nou
748 1431 855 1489 falsam
883 1432 1151 1508 pronuntiaverim,
1187 1453 1367 1508 quamquam

318 1520 396 1594 quod
424 1520 492 1577 libri
521 1516 647 1575 Parisini
673 1523 702 1574 ct
731 1512 950 1574 Laurentianus
981 1516 1141 1577 exhibent:
1171 1512 1228 1581 lice
1257 1514 1298 1600 dt)
1330 1509 1363 1577 δ’

318 1598 459 1681 ἐγένετο,
491 1621 544 1675 per
571 1620 633 1659 sese
659 1607 777 1673 optume
804 1599 877 1657 ferri
901 1601 934 1663 in
957 1622 992 1658 eo
1013 1601 1078 1659 loco
1100 1610 1204 1676 potest.
1247 1598 1315 1658 Hoc
1336 1610 1368 1656 ut

316 1689 359 1744 ita
382 1688 558 1744 existumem
579 1684 690 1742 iaciunt
710 1684 773 1741 lere
790 1682 856 1755 loci,
881 1704 953 1757 qnos
975 1688 1170 1759 posteriorum
1190 1688 1368 1759 scriptorum

317 1768 421 1827 adtulit
441 1766 482 1827 1..
501 1767 676 1829 Diodorlius
696 1766 718 1824 l.
737 1766 770 1842 l.,
791 1766 885 1825 veluti
904 1765 1023 1829 Moschi
1043 1762 1125 1841 Idplt.
1148 1767 1204 1828 lv.
1219 1790 1248 1827 u.
1262 1773 1305 1827 70
1319 1789 1367 1839 sq.

832 1860 1015 1934 Ἐπιγνώμων
1033 1866 1067 1920 δέ
1083 1886 1124 1920 ror
1141 1857 1210 1935 elul

461 1927 614 2003 ἀσχαλάαν,
634 1926 678 1985 ὅτε
694 1924 729 1997 δὴ
748 1948 781 1999 γε
798 1934 845 1983 καὶ
863 1930 1036 2006 εὐφροσύνης
1052 1930 1135 2009 stipor
1151 1937 1219 1989 lert.

521 2031 529 2053 Ι

317 2048 345 2099 et
370 2033 467 2125 μέχρι
490 2036 529 2143 dp
552 2057 587 2118 γε
617 2036 649 2093 ln
669 2032 794 2095 Aretaei
823 2037 886 2096 loco
908 2038 1055 2100 decursos.
1078 2040 1147 2098 diat.
1169 2060 1245 2117 pose.
1272 2046 1305 2108 l,
1332 2045 1363 2099 6.

317 2146 347 2199 p.
371 2129 421 2181 32.
450 2130 479 2181 et
506 2118 620 2202 ω’σπερ
643 2112 683 2203 δή
705 2141 741 2200 γε
770 2120 848 2195 apud
872 2118 1017 2180 (inlesum
1038 2124 1096 2182 vol.
1118 2122 1205 2184 Vlll.
1227 2146 1255 2198 p.
1276 2126 1364 2195 746,

319 2208 424 2281 quibus
447 2208 480 2264 in
500 2206 572 2265 locis
597 2224 686 2279 quom
706 2198 812 2286 μέχρι·
825 2198 876 2287 δή,
899 2201 1015 2287 ὥσπερ
1039 2202 1089 2289 δή,
1113 2204 1170 2271 ὅτε
1192 2203 1242 2289 δή,
1265 2208 1364 2280 aptius

319 2292 472 2349 coniuncta
490 2296 598 2362 essent,
622 2290 674 2361 qui
694 2287 785 2347 vellet
803 2287 942 2347 adbibere
963 2285 1001 2369 ys*
1023 2293 1204 2367 particulam,
1228 2311 1287 2349 non
1309 2311 1366 2364 po-

319 2376 374 2432 tuit
399 2376 456 2431 nisi
476 2382 544 2447 post
566 2366 606 2454 δὴ
629 2392 693 2430 enm
712 2392 830 2445 ponere.
874 2371 1060 2453 Quamquam
1088 2376 1223 2434 ridentur
1246 2384 1364 2433 veteres

318 2460 473 2531 scriptores
494 2478 559 2515 eam
582 2454 722 2527 loquendi
742 2458 886 2513 rationem
908 2458 1006 2534 nescio
1026 2480 1083 2532 quo
1103 2459 1187 2516 morlo
1212 2459 1363 2516 vitavisse.

401 2538 482 2597 Haec
502 2520 602 2611 bribui,
624 2558 699 2611 quae
722 2536 759 2599 de
781 2539 969 2598 collocatione
990 2541 1144 2614 particulae
1164 2538 1200 2622 γε’
1221 2540 1364 2599 dicerem.

316 2620 393 2681 Nam
421 2640 498 2695 qtrae
527 2643 543 2678 a
566 2640 613 2679 nse
635 2620 683 2679 hic
703 2628 755 2679 aut
775 2619 996 2682 commemorata
1017 2646 1074 2681 non
1094 2635 1162 2681 suut
1180 2634 1231 2681 out
1252 2625 1365 2683 leviter

316 2714 428 2763 tantum
458 2704 543 2762 modo
574 2712 647 2763 tacta
676 2714 763 2780 sunt,
795 2727 830 2765 ea
855 2707 942 2765 facite
963 2729 1037 2767 unus
1061 2710 1187 2782 quisque
1209 2707 1367 2783 explicare

315 2790 381 2862 ipse
403 2790 520 2863 poterit,
540 2789 566 2846 si
585 2790 752 2847 meminerit
769 2785 806 2870 ys*
829 2799 888 2848 tum
903 2790 1018 2850 demum
1032 2793 1068 2850 ab
1081 2812 1127 2868 eo,
1147 2813 1206 2867 quo
1222 2793 1365 2867 pertinet,

315 2872 405 2931 verbo
427 2872 621 2929 discriminari
645 2892 750 2948 posse,
780 2876 820 2947 si,
849 2894 924 2949 quae
945 2878 1119 2949 interposita
1139 2888 1182 2935 est
1203 2898 1279 2951 vox,
1311 2886 1364 2933 ant

315 2955 428 3013 nullam
449 2958 513 3012 vim
531 2953 619 3013 babet
638 2976 693 3029 per
711 2976 775 3015 sese
797 2964 845 3014 aut
864 2968 910 3017 est
932 2959 994 3018 eius
1017 2960 1106 3036 modi,
1128 2970 1160 3019 ut
1177 2963 1243 3035 ipsa
1263 2962 1363 3034 aptius

316 3060 380 3098 cum
405 3038 596 3113 praecedente
616 3040 706 3099 uerbo
725 3040 866 3099 coalescat
887 3039 1010 3117 ideoque
1034 3064 1094 3102 non
1118 3045 1204 3103 modo
1225 3065 1284 3102 non
1304 3046 1363 3102 im·

303 3123 423 3203 predict,
443 3122 494 3181 sed
516 3126 603 3181 etiam
626 3122 744 3182 adiuvet
764 3126 923 3197 particulae
943 3126 1128 3186 relationem.

399 3204 554 3282 Sequitur,
584 3215 615 3264 ut
643 3206 770 3265 dicamne
796 3207 833 3267 de
861 3210 1030 3286 particulis,
1056 3232 1129 3287 quas
1155 3207 1192 3292 γὲ
1213 3208 1363 3268 adiunctas

314 3290 423 3350 babere
444 3290 548 3350 soleat.
591 3289 640 3350 Ac
659 3294 786 3366 primum
809 3293 927 3367 quidem
950 3294 986 3351 de
1006 3291 1044 3374 γὲ
1065 3290 1102 3356 δ’
1127 3298 1192 3369 ipse
1210 3292 1361 3352 Derarius

314 3378 494 3433 mentionem
521 3375 593 3433 fecit
615 3396 646 3448 p.
669 3376 720 3431 55.
744 3374 879 3449 dixitque
900 3380 1059 3437 accuratius
1081 3319 1118 3436 de
1141 3377 1190 3437 bis
1210 3379 1361 3453 particulis

314 3457 390 3517 God.
411 3457 597 3517 Hermauuus
619 3457 655 3515 ad
669 3454 816 3533 Vigerum
828 3482 857 3535 p.
871 3466 943 3519 828.
965 3460 1011 3519 ed.
1033 3470 1111 3536 tert,
1134 3464 1186 3536 qui
1208 3472 1286 3519 recte
1307 3465 1360 3535 ait,

278 3544 454 3600 ··interesse
478 3541 534 3600 hoc
555 3543 634 3601 inter
652 3538 688 3619 pa*
708 3538 748 3627 dr}
771 3553 799 3601 ct
820 3542 857 3624 γε’
874 3564 936 3619 τοι,
959 3544 1038 3619 quod
1053 3541 1092 3629 δὴ
1109 3549 1281 3604 senteutiam
1305 3567 1361 3619 per

312 3622 348 3705 pc*
371 3628 531 3683 restrictam
551 3626 723 3700 simpliciter
742 3627 903 3701 confirmet,
924 3626 978 3691 τοὶ
992 3637 1088 3687 antem
1103 3647 1167 3687 eam
1181 3632 1359 3688 sententiam

311 3708 420 3767 indicet
441 3711 605 3782 oppositam
627 3730 690 3769 esse
711 3710 951 3783 praecedentibus
965 3714 1090 3785 quodem
1105 3714 1200 3771 modo.
1232 3710 1268 3771 ld
1283 3713 1359 3771 adeo

312 3814 399 3865 quem
429 3791 466 3850 ad
492 3791 609 3849 modum
637 3814 677 3850 ex
702 3796 796 3867 prima
826 3795 1034 3869 particularum
1063 3790 1103 3880 dr)
1129 3806 1159 3855 et
1183 3791 1237 3857 τοὶ
1263 3798 1296 3855 vi
1325 3818 1360 3855 ac

310 3883 452 3951 potestate
473 3874 679 3949 proficiscatur,
702 3878 894 3952 explicabitur
916 3878 1062 3953 deinceps,
1085 3881 1135 3939 nbi
1155 3880 1191 3939 de
1210 3880 1271 3938 illis
1291 3900 1360 3953 par-

311 3960 405 4018 ticulis
429 3961 588 4031 separatim
610 3959 727 4019 dicetur.
770 3960 856 4021 Nunc
876 3961 931 4021 boo
951 3971 1100 4022 teneamus
1121 3960 1159 4042 ys
1180 3966 1359 4037 restringere

309 4044 439 4118 aliquam
469 4061 548 4118 rem,
579 4039 619 4128 dr}
649 4052 744 4102 auteur
767 4066 832 4105 eam
855 4048 941 4121 quasi
964 4047 1081 4120 planam
1104 4054 1190 4121 atque
1216 4056 1358 4121 apertam,

378 4191 406 4255 ¹³)
423 4196 497 4259 Hunc
507 4194 647 4243 labeculam
660 4194 815 4256 posteriores
823 4196 925 4248 demum
936 4194 1073 4257 scriptores
1085 4194 1217 4244 admisisse
1227 4194 1356 4258 ridentur,

308 4260 541 4393 Epi„‹,r;e‘15rpia,detullt
550 4264 707 4327 Dindorbus,
715 4262 885 4314 Philostratus
891 4264 1098 4328 Heraiapsss.
1110 4257 1144 4316 “A
1151 4262 1359 4330 compescar.
