2850 4842
507 445 671 519 'alta
1088 462 1132 525 37

83 626 222 685 excitavit
244 619 421 701 Kruegerus
444 643 484 684 ex
508 623 640 686 Platonis
663 628 813 690 Plcucclonc
835 636 909 705 part.
931 629 971 689 ll.
995 630 1129 692 volalll.

82 731 111 783 p.
133 711 186 785 52,
210 714 260 767 19.
284 708 331 767 ed.
355 707 452 769 ssekk.
475 732 504 785 p.
524 716 574 773 81.
594 709 631 769 B.
654 711 700 770 ed.
721 707 765 774 H.
784 711 886 789 Steph.
923 710 1008 778 ὥστε
1027 714 1130 799 μηδὲν

84 786 168 855 ἄλλο
190 791 304 855 δοκεῖν
325 781 411 855 εἶναι
433 784 559 877 ἀληθὲς
581 786 650 856 ἀλλ’
671 787 694 878 ἢ
714 792 753 858 τὸ
778 796 1011 875 σωματοειδές,
1033 802 1064 858 ἱιι
1082 820 1129 876 eo,

82 879 109 934 si
134 878 262 951 primam
292 878 336 935 rei
364 878 509 952 originem
536 880 764 954 investigamus,
794 882 912 957 singola
940 884 1057 955 quidem
1087 887 1130 944 sio

81 960 219 1019 solvenda
238 980 307 1019 esse
327 961 479 1020 ridentum
508 956 594 1025 ὥστε
606 959 710 1043 μηδὲν
725 952 807 1025 ἄλλο
825 963 934 1027 δοκεῖν
947 955 1032 1029 εἶναι
1047 958 1129 1050 ἄλη·
1174 1019 1186 1043 ,

80 1040 153 1118 θὲς,
182 1033 271 1106 ἄλλο
294 1034 317 1128 ἢ
337 1039 374 1105 cri
399 1043 637 1122 σωματοειδές,
666 1046 827 1105 seuuemo
849 1051 998 1108 tamenin
1021 1054 1128 1124 repeti-

82 1131 158 1187 tione
179 1128 315 1187 eiusdem
336 1131 416 1186 vocis
437 1128 582 1203 offendet,
606 1132 655 1203 (poi
678 1133 845 1204 cogitaverit
866 1134 914 1207 id,
937 1134 1015 1206 qarod
1039 1156 1127 1208 surpra

81 1211 238 1286 docuimus,
262 1202 336 1273 ἀλλ’
357 1212 431 1270 illud
452 1223 520 1271 ante
542 1204 563 1297 ἢ
584 1216 736 1288 repetitum
755 1218 795 1273 ita
816 1218 951 1290 excipere
972 1237 1034 1275 rem
1059 1230 1127 1278 ante
1200 1226 1203 1231 '

12 1371 13 1376 ἵ
81 1297 139 1354 ianr
158 1305 354 1371 transactam,
385 1307 417 1354 nt
445 1296 622 1356 commodius
650 1289 672 1380 ἢ
702 1298 787 1357 adiici
806 1304 900 1374 possit
920 1300 1126 1375 adiuretrirqno

12 1403 13 1422 ι
82 1384 266 1455 comparatio.
311 1378 415 1455 ltaque
437 1375 557 1440 Graecis
578 1381 640 1440 illis
661 1383 759 1441 verbis
781 1381 835 1442 lroc
857 1384 973 1442 diciturc
1001 1386 1127 1445 Sa=rloss

82 1466 170 1522 stistte
180 1464 337 1526 Anderee
355 1465 438 1523 wate
458 1485 495 1523 zu
516 1466 703 1535 soloecismi,
725 1468 862 1538 (nnrlers)
876 1469 921 1525 uls
933 1469 986 1541 eles
998 1473 1127 1546 Keirpar-

83 1548 206 1606 ulmliclce
228 1570 258 1606 ιι.
282 1568 307 1605 s.
328 1569 365 1606 w.
409 1546 505 1625 Quasi
531 1546 641 1607 Latine
670 1550 763 1607 dicasr
802 1556 840 1609 Ut
867 1552 938 1609 nillil
965 1550 1055 1614 aldred
1080 1557 1126 1611 oi*

82 1630 260 1690 declarasse
281 1652 389 1702 eornm,
411 1633 528 1705 (aliani)
550 1652 635 1709 parom
657 1634 731 1709 qood
753 1640 864 1711 corpori
883 1637 975 1693 sirnilc
994 1641 1041 1705 slt,
1068 1637 1125 1695 nisi

84 1716 158 1788 qnod
176 1725 206 1775 et
225 1726 330 1775 nostra
351 1724 380 1773 et
400 1714 508 1774 Latina
528 1716 630 1790 lingua
652 1737 700 1776 res
721 1716 776 1775 lroc
796 1718 909 1777 videtur
928 1718 1028 1779 durior
1048 1740 1125 1795 esee,
1229 1774 1233 1778 .

84 1801 157 1871 qrcod
182 1821 244 1858 non
273 1798 347 1858 adeo
378 1799 491 1859 dicendi
517 1799 721 1859 consuetudine
741 1810 855 1879 recepta
878 1807 1049 1862 constructio
1070 1812 1124 1861 est.

83 1882 132 1941 Sic
151 1905 240 1958 porro
261 1883 372 1942 factum
395 1894 455 1955 est,
481 1891 514 1941 nt
535 1892 667 1944 nostrum
688 1874 770 1947 diddo
795 1907 890 1961 neque
913 1908 1006 1962 genus
1027 1908 1124 1965 neque

84 1988 175 2025 casnm
203 1988 303 2043 neque
331 1968 463 2027 adverbii
489 1968 613 2026 formam
642 1978 786 2029 servaret:
816 1974 961 2045 quamob
985 1993 1046 2030 rem
1069 1973 1124 2030 etei

82 2054 176 2112 minus
197 2052 350 2112 commode
371 2054 407 2111 ad
427 2053 623 2111 antecedentia
642 2054 747 2112 referri
764 2062 869 2128 potest,
889 2064 987 2113 tamen
1001 2076 1048 2115 res
1063 2074 1124 2113 nou

83 2157 144 2194 eam
166 2136 251 2195 debet
271 2156 388 2195 movere
409 2135 635 2211 dubitationem,
659 2146 693 2194 ut
710 2142 875 2211 necessario
897 2138 934 2196 sd
954 2140 1124 2213 particulam
1183 2185 1187 2197 .

23 2270 30 2279 .
83 2210 170 2281 ἀλλὰ
190 2221 352 2295 confugias.
394 2218 472 2279 Nam
490 2223 629 2296 qnoniam
647 2220 764 2293 quidem
783 2220 875 2280 semel
893 2220 967 2280 hanc
984 2224 1124 2281 rationem

85 2302 197 2361 dicendi
220 2295 290 2366 ἀλλ’
312 2297 335 2386 ἢ
357 2315 543 2381 acceperant,
566 2314 598 2362 nt
622 2304 697 2361 illud
721 2296 802 2366 italo
824 2306 944 2363 libarius
967 2308 1052 2380 (prasi
1073 2304 1123 2362 ad-

84 2388 248 2446 verbialiter
276 2388 314 2446 ad
340 2388 539 2447 antecedentia
566 2389 741 2463 referretur,
770 2392 920 2451 continens
941 2391 972 2447 in
993 2409 1026 2447 se
1047 2388 1125 2447 nihil
1153 2443 1155 2449 .

84 2470 175 2547 aliod,
204 2474 261 2530 nisi
283 2475 431 2530 notionem
451 2474 527 2531 alius
551 2476 615 2547 rei,
640 2475 791 2547 quasiste
815 2476 929 2531 actione
951 2471 1124 2549 efficeretur,

83 2576 141 2612 non
161 2557 219 2613 iam
240 2556 445 2614 dubitaverunt
465 2560 550 2615 etiam
569 2559 608 2617 iis
625 2555 698 2616 locis
720 2554 775 2615 lroc
796 2547 864 2619 ἀλλ’
888 2548 909 2641 ἢ
931 2558 1124 2634 inferre,'ubi

84 2658 129 2699 res
154 2660 209 2714 per
235 2660 268 2699 se
298 2649 424 2715 spectata
451 2644 591 2699 maiorem
617 2639 811 2701 difficultatem
838 2639 947 2701 habere
967 2642 1124 2718 videretur,

83 2722 170 2782 relati
191 2727 225 2783 in
243 2724 318 2783 locis
339 2722 404 2800 his,
427 2728 531 2798 quibus
554 2746 624 2783 usne
646 2734 691 2785 est
712 2723 913 2801 Kroegerns,
928 2726 1061 2787 Platonis
1084 2747 1138 2807 ex·

82 2808 232 2866 Phaedone
259 2830 289 2883 p.
315 2809 374 2882 25,
406 2814 455 2867 10.
487 2808 533 2867 ed.
560 2806 657 2868 Bekk.
686 2831 716 2883 p.
744 2816 793 2869 68.
817 2808 856 2867 Β.
884 2810 930 2869 ed.
953 2810 994 2871 fl.
1016 2809 1122 2885 Steph.

83 2883 175 2973 σφόδ
197 2913 219 2952 α
239 2887 301 2975 γὰρ
322 2882 411 2975 arisai
432 2892 537 2954 ταῦτα
558 2887 665 2966 δόξει,
680 2884 990 2999 ppdaprorilillotlc
1012 2898 1123 2958 noea-

82 2974 151 3051 pecc
170 2910 382 3050 decorticatos
404 2969 565 3060 φρονήσει
587 2968 656 3037 ἀλλ’
680 3000 700 3058 η
725 2972 813 3045 ἐκεῖ,
839 2998 897 3050 qno
920 2979 951 3035 in
973 2979 1036 3045 loco
1060 2999 1122 3037 non

84 3049 152 3119 ἀλλ’
172 3049 204 3145 ip‘,
225 3059 258 3117 id
280 3059 356 3134 qnod
378 3060 448 3117 olim
471 3061 528 3118 luit
550 3049 632 3119 illle
655 3048 686 3141 ἤ,
706 3063 933 3135 exspectaveris,
954 3062 1006 3120 sed
1025 3065 1122 3135 potius

83 3131 203 3204 ἄλλοθι
224 3132 263 3227 ἤ)
285 3142 426 3219 utillud,
450 3143 527 3219 qood
552 3163 641 3217 supra
662 3143 769 3203 dictum
789 3152 867 3217 erat,
890 3154 1018 3202 eocurate
1037 3164 1123 3218 repe-

83 3232 186 3285 teretur
206 3228 244 3285 ad
267 3232 510 3302 comparationem
519 3227 749 3292 instituendam.
791 3223 951 3285 Attamen
971 3248 1031 3285 non
1046 3238 1123 3286 recte

81 3308 199 3386 iaceret,
229 3312 257 3371 si
286 3314 352 3386 quis
381 3315 539 3389 corrigeret
554 3301 690 3374 ’ἄλλοθι
722 3302 754 3401 ἥ.
797 3308 915 3368 Etenim
941 3331 1002 3369 non
1031 3311 1124 3371 voluit

12 3383 13 3424 ³
81 3390 159 3454 Plato
187 3405 249 3454 tam
278 3396 404 3454 formam
430 3397 510 3455 illins
530 3387 654 3457 illlata
673 3398 767 3470 ipsam
789 3412 940 3471 premere,
964 3416 1051 3472 quam
1069 3418 1122 3455 no·

81 3480 181 3538 tionem
198 3481 278 3539 alius
295 3482 337 3538 rei
354 3480 471 3556 efferre,
490 3501 548 3555 qno
559 3480 665 3538 melius
680 3482 905 3553 comparativam
919 3473 1122 3565 ῃιιιίίοιιίιιιιιῆ

81 3561 238 3623 induceretr
266 3566 364 3638 itaque
384 3566 556 3640 simpliciter
573 3564 650 3621 dixit
663 3552 732 3624 ἀλλ’
750 3555 781 3648 ἤ,
804 3567 941 3639 quoniam
955 3562 1027 3651 haec
1040 3586 1122 3639 voca·

81 3646 143 3703 bula
166 3650 207 3707 ita
235 3650 398 3721 composita
424 3652 481 3707 iam
508 3649 713 3707 adverbialiter
734 3652 966 3723 rrsnrpabontur,
996 3647 1123 3709 utillud

82 3719 158 3792 dido
188 3736 437 3806 comparationem
466 3732 632 3806 adiuvaret,
649 3754 721 3789 anon
743 3742 838 3791 tamen
859 3732 895 3790 ad
917 3736 1055 3791 amussim
1077 3752 1123 3791 re-

82 3814 231 3885 sponderet
262 3818 408 3889 superiori
437 3820 650 3877 constructioni.
693 3814 760 3881 an
782 3820 930 3894 pertinent
953 3819 1041 3875 etiam
1065 3816 1123 3873 alia

82 3896 110 3951 id
137 3916 223 3971 genus
249 3901 407 3974 exempla,
438 3922 513 3977 qnae
534 3902 623 3959 multa
646 3904 848 3962 excitaverunt
868 3903 1062 3979 grammatici,
1093 3908 1124 3957 ot
1220 3952 1228 3967 ‚

12 3997 13 4048 j
82 3976 209 4043 lsocratis
228 3990 371 4060 Pcncppr.
394 3989 422 4057 §.
440 3990 473 4043 7.
493 3985 538 4044 ed.
561 3984 660 4043 Bekk.
681 4008 711 4059 p.
728 3991 779 4043 42.
795 3987 870 4046 med.
893 3987 938 4045 ed.
960 3984 1000 4044 ll.
1016 3982 1122 4059 Steplr.
1201 4020 1204 4023 -

83 4056 121 4124 El
145 4064 204 4144 μὲν
230 4064 399 4149 μηδαμῶς
425 4058 535 4143 ἄλλως
562 4059 635 4130 οἷόν
662 4060 687 4130 τ’
718 4060 756 4167 νῖν
786 4068 905 4152 δηλοῦν
932 4064 992 4142 τὰς
1020 4061 1124 4141 nicar

84 4145 216 4231 πράξεις
243 4142 313 4212 ἀλλ’
342 4143 362 4231 ἣ
391 4148 447 4214 ὀιέι
468 4151 549 4230 μιᾶς
569 4145 681 4225 ἰδέας,
712 4172 797 4228 arpen
818 4148 856 4213 clv
875 4174 925 4225 τις
941 4144 1123 4230 ὑπολαβεῖν

12 4243 13 4250 ’
83 4225 152 4306 νζιὲ.,
174 4256 234 4307 qno
256 4237 288 4292 in
311 4235 376 4291 loco
394 4238 418 4291 si
442 4246 569 4295 accurate
590 4235 778 4308 responderet
792 4225 861 4296 ἀλλ’
878 4227 897 4317 ἢ
915 4232 1123 4312 superioribus,

82 4318 260 4378 scribendum
290 4318 370 4379 esset
398 4309 534 4405 dllrug,
550 4310 584 4404 ἤ,
616 4330 647 4378 ut
671 4340 729 4395 per-
752 4319 1123 4397 ‹parendumxplsonasmum
