2850 4842
295 640 298 644 ·
333 603 398 669 10⁰
795 682 799 703 a
828 589 887 663 lin.

418 769 453 831 Ρ.
479 774 530 830 26.
578 766 648 831 Nou
676 767 798 829 debebat
828 765 993 838 Danuuius,
1028 774 1181 843 postquam
1210 768 1363 828 rectimume

335 875 437 917 eorum
467 857 663 930 senteutiam,
694 856 746 929 qui
774 850 946 927 particulam
975 844 1017 912 liv
1044 838 1137 911 tater'
1152 852 1306 926 expletivae
1332 874 1365 911 ac

334 958 561 1015 supervacaneas
581 936 738 1014 particulas
754 935 940 995 referendam
959 954 1022 995 esse
1041 934 1188 1009 dixerant,
1206 931 1367 1010 confutavit,

333 1023 499 1094 concedere,
523 1042 585 1079 uon
606 1041 756 1095 nunquam
777 1027 873 1079 tamen
894 1019 1052 1094 particulos
1073 1019 1151 1094 apud
1171 1022 1315 1093 scriptores
1334 1032 1366 1077 et
1418 1054 1419 1057 =

332 1108 469 1182 inprimis
487 1115 600 1181 poetas,
624 1113 743 1163 ornatus
767 1106 829 1164 sire
850 1106 936 1161 metri
952 1104 1056 1179 gratia,
1078 1122 1131 1161 sua
1145 1102 1365 1179 nudatassigui-

331 1191 468 1249 ficatioue
489 1191 588 1263 accipi.
631 1186 720 1267 Quod
740 1207 797 1247 uec
815 1186 882 1245 ficri
903 1206 1076 1261 peruerum
1093 1193 1367 1260 naturamumquom

245 1313 256 1333 .
332 1275 429 1349 potuit
459 1292 557 1345 neque
583 1271 690 1330 factum
717 1277 762 1329 est
787 1291 920 1345 nsquam.
962 1268 1047 1330 Nihil
1075 1272 1153 1329 enim
1180 1290 1218 1329 nc
1232 1290 1260 1327 ,α
1282 1278 1368 1344 poeta

333 1358 450 1431 quidem
484 1357 579 1430 putuit
607 1354 686 1430 dici,
718 1354 797 1431 quod
828 1354 939 1412 nullam
966 1352 1089 1413 haberet
1119 1350 1366 1427 significationem.

331 1442 398 1519 Qua
418 1439 507 1498 dere
528 1450 627 1497 nostru
647 1445 741 1498 aetate
761 1458 821 1495 uon
842 1436 966 1514 amplius
987 1434 1139 1496 dicendum
1162 1446 1214 1497 est.
1256 1432 1298 1495 Gi.
1323 1434 1365 1497 G.

331 1524 520 1583 Hermonaus
542 1523 579 1582 ad
599 1519 747 1597 Vigerum
770 1544 800 1598 p.
822 1524 884 1579 814
904 1541 952 1594 sq.
975 1520 1021 1580 ed.
1044 1530 1107 1579 tert.
1261 1594 1267 1601 ,
1418 1536 1419 1553 ³

415 1605 503 1685 Quod
520 1605 668 1667 Devarius
688 1605 764 1664 dixit
783 1626 813 1681 p.
835 1609 876 1664 26
896 1612 1036 1680 extrema,
1059 1596 1099 1666 tin
1118 1600 1285 1679 particulam
1305 1622 1367 1661 om-

329 1691 416 1749 nibus
442 1689 536 1749 ntodis
566 1690 731 1750 verbalibus
757 1690 860 1765 iungi,
888 1708 947 1745 uuo
973 1690 1147 1762 imperativo
1172 1693 1307 1761 excepto,
1333 1687 1369 1745 id

329 1777 386 1834 etsi
416 1792 511 1847 nuper
536 1773 573 1832 de
600 1775 775 1848 imperativo
804 1772 921 1848 quidem
951 1772 1217 1857 addubitatumest
1238 1772 1272 1828 ab
1290 1766 1369 1829 Har·

329 1858 431 1932 tunglo
453 1856 513 1915 sol.
534 1854 575 1915 ll.
596 1878 627 1930 p.
650 1863 710 1915 312
734 1876 798 1932 sqq.
805 1898 814 1926 ,
843 1864 939 1914 tannen
963 1876 1029 1914 mea
1053 1856 1198 1915 sententia
1220 1857 1370 1928 praecepit

328 1943 507 2000 rectissume.
547 1937 684 2013 Namque
712 1947 746 1996 ut
775 1950 883 1999 taceam
911 1947 1019 1997 tautam
1041 1938 1168 1997 locorum
1188 1939 1372 2013 paucitatem,

269 2041 273 2046 ’
328 2043 404 2099 quac
431 2022 481 2081 hic
505 2020 602 2080 adlata
629 2031 690 2099 est,
718 2024 807 2080 etiam
832 2025 858 2083 si
884 2023 996 2099 singuli
1022 2022 1078 2081 loci
1100 2020 1134 2081 lti
1152 2026 1257 2080 'omues
1275 2023 1307 2078 in
1328 2024 1371 2079 iis

327 2108 429 2182 libris,
450 2108 560 2181 ‚quibus
585 2104 674 2165 ltodie
700 2114 865 2181 uteremur,
893 2110 933 2165 ita
954 2108 1053 2181 scripti
1073 2104 1266 2179 haberentur,
1291 2102 1373 2163 ailail

328 2211 417 2265 posse
442 2192 583 2265 probare,
613 2189 686 2249 adeo
714 2192 766 2266 qul
790 2191 879 2249 adlati
903 2191 960 2248 loci
986 2198 1055 2249 sunt
1076 2191 1129 2248 vix
1148 2190 1209 2248 ulla
1230 2190 1372 2247 librorum

327 2276 495 2333 auctoritate
514 2277 655 2350 nituntur,
676 2282 709 2331 ut
728 2273 875 2333 facillume
889 2276 1034 2333 removeri
1048 2276 1171 2349 possint.
1213 2268 1274 2331 Sed
1289 2274 1372 2346 quod

328 2367 372 2417 est
399 2360 630 2433 gravissumum,
659 2365 764 2416 natura
789 2358 868 2415 modi
891 2359 1058 2431 imperativi
1081 2354 1285 2431 ipsam‘detm·
1306 2376 1374 2415 uon

326 2442 406 2499 ferre
423 2441 595 2514 particulam
614 2462 663 2503 αν.
705 2439 826 2499 Etenim
846 2442 872 2499 si
896 2440 967 2514 quid
987 2442 1180 2517 praecipimus
1196 2441 1252 2497 istc
1268 2437 1375 2515 modo,

325 2544 386 2581 nou
406 2524 516 2598 poterit
537 2523 569 2581 id
588 2525 699 2599 ipsum,
729 2523 808 2597 quod
830 2526 1023 2599 imperamus,
1052 2525 1088 2583 alr
1109 2524 1170 2583 ulla
1189 2522 1247 2582 alia
1268 2522 1376 2582 condi-

326 2608 409 2664 cione
429 2625 601 2680 suspensum
622 2628 696 2667 esse.
739 2606 844 2683 Neque
864 2610 955 2683 enim,
975 2611 1003 2667 si
1026 2606 1081 2667 lucc
1101 2618 1187 2681 esset,
1205 2608 1260 2665 isto
1282 2607 1376 2665 modo

325 2692 368 2747 uti
393 2708 559 2765 possemus,
580 2693 632 2767 qui
652 2698 756 2750 ustura
779 2712 832 2752 aua
855 2693 1039 2752 certissumus
1055 2691 1157 2751 modus
1176 2699 1236 2765 est,
1257 2699 1287 2750 et
1307 2693 1377 2749 rim

216 2850 218 2854 Ι
325 2793 359 2831 ac
379 2780 551 2861 potestatem
572 2795 656 2833 stram
670 2795 791 2850 prorsus
807 2778 957 2849 amitteret,
979 2777 1004 2834 si
1023 2796 1077 2851 per
1095 2780 1182 2835 istam
1196 2774 1379 2851 particulam

326 2877 377 2932 ea,
407 2877 483 2929 quae
504 2858 683 2933 imperatur,
710 2861 785 2918 actio
807 2880 866 2917 nou
888 2860 1036 2919 rideretur
1055 2860 1194 2935 imperari
1216 2878 1272 2933 per
1294 2878 1379 2933 sese,

324 2940 377 3000 sed
397 2941 497 3014 aliqua
518 2942 686 3000 condicione
708 2942 822 3001 demum
846 2944 911 3001 fore
934 2944 1156 3019 significaretur.
1418 2952 1419 2955 ’

409 3022 470 3083 Sed
489 3027 548 3083 iam
567 3027 716 3085 uideamus
738 3027 872 3101 exetapla
890 3030 966 3101 ipsa,
986 3046 1061 3102 quae
1079 3026 1226 3102 adierunt,
1248 3032 1281 3083 ut
1296 3044 1379 3099 rem,

324 3129 400 3183 qnae
424 3110 508 3167 uubis
529 3130 583 3184 pec
604 3130 637 3169 se
657 3110 813 3169 admodum
831 3112 1032 3183 improbabilis
1046 3131 1112 3171 esse
1127 3110 1273 3182 rideatur,
1295 3130 1379 3167 com·

325 3195 458 3267 probeat.
483 3192 532 3253 Ac
545 3196 672 3267 primum
684 3193 802 3269 quidem
815 3194 925 3253 adferri
941 3194 1015 3253 solet
1026 3192 1234 3268 Xenophontis
1248 3194 1381 3267 quidam

323 3278 404 3335 loeus
430 3298 471 3335 ex
498 3280 683 3353 Expeditiones
704 3278 769 3350 curt
798 3279 849 3336 lib.
870 3274 896 3336 l.
924 3298 987 3352 cap.
1009 3282 1038 3335 t.
1066 3283 1095 3349 ς.
1119 3284 1166 3351 8.,
1197 3278 1249 3336 ulai
1271 3274 1380 3353 Cyrus

324 3362 386 3419 eius
403 3360 482 3419 modi
497 3360 584 3420 habet
596 3363 774 3419 orationem:
798 3352 903 3423 Ἀλλὰ
912 3357 961 3436 ped
973 3357 1054 3461 τοὺς
1066 3356 1171 3435 θεοὺς
1187 3350 1251 3422 οὐκ
1265 3352 1381 3441 ἔγωγε
1418 3370 1419 3407 t

324 3434 451 3516 αὐτοὺς
468 3439 586 3518 διώξω.
609 3436 687 3507 οὐδὲ
710 3439 782 3529 e'pei
802 3436 914 3519 οὐδεὶς
927 3437 972 3518 ὡς
985 3440 1053 3524 ἐγω,
1064 3438 1128 3519 ἕως
1140 3440 1202 3522 μὲν
1216 3435 1259 3507 ἂν
1272 3444 1381 3528 παρῇ

284 3602 291 3610 ,
322 3545 374 3599 τις
398 3524 547 3626 χρῶμαι·
577 3518 715 3590 ἐπειδὰν
742 3518 880 3591 ἀπιέναι
908 3521 1087 3610 βούληται,
1115 3523 1297 3606 συλλαβὼν
1320 3526 1386 3590 καὶ

323 3600 443 3683 αὐτους
464 3608 574 3685 κακῶς
594 3610 685 3673 ποιῶ
698 3605 754 3673 καὶ
768 3603 809 3673 τὰ
815 3604 969 3694 χρήματα
981 3603 1152 3674 ἀποσυλῶ.
1194 3608 1247 3669 Ac
1263 3610 1385 3670 deiude

322 3695 355 3751 in
383 3692 502 3765 volgata
528 3693 647 3767 quidem
674 3696 817 3793 scriptura
844 3697 885 3755 ita
913 3696 1026 3768 pergit:
1053 3685 1157 3756 Ἀλλὰ
1185 3684 1314 3756 ἰόντων
1340 3685 1385 3755 {iv

323 3768 460 3848 εἰδότες,
481 3769 535 3837 ὅτι
556 3771 692 3849 κακίους
713 3773 780 3839 eccl
801 3772 880 3861 caepi
900 3768 992 3862 ἡμᾶς
1015 3768 1036 3861 ἢ
1059 3772 1154 3861 ἡμεῖς
1175 3770 1258 3859 περὶ
1286 3771 1385 3839 ἐκεί-

322 3878 418 3931 νους.,
442 3877 500 3931 qtro
522 3859 554 3915 iu
573 3858 638 3916 loco
661 3857 841 3936 Hormugias
862 3860 884 3920 l.
905 3883 931 3920 c.
951 3860 1011 3920 vol.
1036 3858 1075 3919 Π.
1097 3882 1129 3935 p.
1151 3866 1213 3918 312
1236 3880 1291 3935 sq.
1315 3861 1387 3919 volt

323 3932 364 4004 Zia
380 3940 551 4016 particulam
568 3944 708 4016 coniungi
726 3964 792 4003 cum
812 3946 996 4019 imperativo,
1015 3941 1256 4009 G.llenaaunus
1273 3952 1390 4003 autem

321 4030 366 4083 De
384 4024 530 4101 potcrttculu
547 4017 589 4087 tio
608 4026 660 4085 lib.
672 4024 730 4085 lV.
744 4048 775 4102 p.
791 4034 859 4087 178.
882 4027 1003 4087 eandem
1024 4035 1108 4088 vocat
1127 4026 1164 4093 ad
1178 4029 1392 4103 participium

321 4100 465 4182 εἰδότες,
495 4119 527 4167 ut
547 4108 604 4168 hoc
624 4110 749 4169 dicatur:
780 4100 897 4173 ἰόντων
918 4108 976 4174 καὶ
995 4102 1114 4174 eideiev
1135 4098 1186 4172 ἔν.
1229 4108 1396 4190 Quorum

322 4192 475 4262 opiniones
504 4196 673 4268 neutiquam
701 4194 825 4269 probare
847 4214 975 4269 possum.
1017 4197 1065 4253 Ac
1086 4194 1122 4253 de
1142 4195 1329 4268 imperativi
1356 4198 1398 4252 ui

322 4288 354 4324 ac
377 4284 533 4347 potestate,
556 4298 630 4349 quae
655 4299 715 4337 arou
736 4280 846 4350 patitur
867 4278 1076 4353 condicionem,
1097 4298 1186 4353 quem
1208 4276 1320 4337 adfert
1347 4272 1402 4338 liv

320 4352 476 4427 particula,
502 4358 588 4415 modo
615 4361 689 4418 dixi.
735 4359 823 4440 Quod
843 4370 941 4421 autem
961 4360 1150 4421 llermauuus
1176 4348 1218 4422 liv
1240 4352 1406 4433 aidica-,-

321 4433 500 4509 coniungens
520 4442 695 4514 explicaritt
723 4438 779 4507 stul
796 4433 920 4509 εἰδεῖεν
933 4434 982 4521 t'olu,
1002 4446 1034 4506 id
1047 4442 1121 4505 milti
1134 4446 1234 4521 ipsunt
1249 4463 1403 4521 quoque
