2850 4842
320 570 383 639 18⁰
795 556 891 654 ἄρα.

317 741 489 819 plicarerlm
516 758 547 813 p.
572 741 611 796 19
633 757 722 813 corp,
750 733 827 797 nilril
852 740 943 796 restat
965 732 1046 793 alind
1068 734 1128 794 nini
1148 740 1181 794 ut
1204 734 1362 815 significem

317 829 350 885 in
363 826 437 899 loco,
449 842 535 899 quem
545 822 644 897 poenit
656 821 803 882 Denarins
817 842 848 896 p.
864 824 927 897 42,
939 816 1150 897 Aristophanis
1157 822 1214 883 Aa.
1227 837 1258 885 v.
1274 826 1361 885 15³0.

317 916 396 969 recte
416 928 494 968 nunc
513 908 619 967 scribit

560 1034 690 1091 ἐντεῦθεν
706 1023 762 1108 ἆρα
780 1029 978 1107 τούπιτριβείης
995 1030 1123 1103 trivero,

315 1162 350 1217 iu
369 1154 499 1215 Platonis
523 1162 621 1216 autem
644 1157 708 1215 loco
729 1152 830 1214 itidem
851 1176 912 1215 non
932 1176 1018 1229 posse
1039 1176 1101 1215 non
1121 1157 1214 1217 scribi
1233 1145 1286 1241 ἆρ’
1305 1148 1359 1219 orlv

316 1236 355 1303 la
375 1236 473 1301 coitio
494 1235 533 1302 τὸ
554 1231 686 1302 τοιόνδε
705 1232 867 1319 γίγνεταις
910 1237 1049 1316 Denique
1074 1242 1108 1299 in
1128 1236 1256 1300 Homeri
1277 1240 1357 1299 aaut.

314 1323 367 1383 lib.
388 1319 462 1393 Vll.
482 1342 510 1382 r.
533 1325 604 1380 472.
628 1328 705 1381 recte
727 1320 790 1391 edi:

500 1451 584 1505 trior
601 1444 649 1523 ἄρ’
669 1452 800 1513 οἰνίζοντο
817 1448 1042 1525 καρηκομόωνιες
1053 1448 1169 1521 Ἀχαιοί,

315 1571 503 1650 Quamquam
523 1571 589 1630 aliis
612 1571 685 1633 locis
707 1574 805 1632 multia
831 1560 889 1656 ip,
917 1571 970 1634 aed
993 1594 1053 1633 non
1075 1580 1143 1633 anto
1166 1571 1297 1633 vocalem
1316 1569 1355 1629 le·

314 1658 394 1731 gitur
414 1654 490 1732 apul
513 1654 693 1733 Homerum,
713 1656 908 1716 velucitus.
930 1657 983 1716 lib.
1005 1654 1030 1717 l.
1053 1678 1083 1718 r.
1106 1662 1136 1717 8.
1156 1678 1188 1721 v.
1212 1659 1299 1731 tlte,
1321 1652 1355 1712 cle

261 1784 265 1793 .
315 1740 423 1818 quibua
450 1740 638 1833 locisuupra
658 1740 870 1818 explicavimus
892 1760 923 1817 p.
947 1744 1017 1801 174.

682 1882 930 2013 'aaa

217 2070 326 2217 'Apta⁸
350 2073 460 2219 nablam
484 2094 574 2180 snpra
593 2074 727 2180 vidimus·
738 2062 1004 2219 pafllcuhmljt‘oa·
1015 2094 1061 2151 eo,
1084 2074 1171 2218 (supitiip
1182 2079 1275 2221 ppima
1292 2077 1350 2178 eius
1415 2122 1416 2131 ,

203 2204 234 2251 ¹'·
249 2201 294 2258 ⁴²·
311 2178 815 2323 cicmtf‘tt'tfftttttttt
833 2182 910 2321 12⁹2,
934 2180 1348 2327 tttltttats'te'tt

309 2331 407 2403 primo
443 2331 530 2388 etiam
563 2330 628 2389 luco
655 2332 817 2390 sentcntiae
843 2336 1020 2403 poneretur,
1054 2348 1141 2402 quem
1169 2328 1206 2386 acl
1236 2322 1346 2384 moclun

308 2409 420 2471 Latina
440 2413 581 2487 particula
600 2417 697 2487 icitur,
723 2434 798 2486 qnae
819 2410 896 2487 apud
918 2414 1010 2472 bonos
1029 2408 1198 2469 Latinitatis
1218 2419 1345 2468 auctores

306 2495 483 2569 plerumque
503 2480 637 2569 'primum
663 2496 760 2554 locum
788 2496 918 2555 obtinere
939 2514 1000 2553 nou
1027 2495 1146 2569 soleret,
1174 2492 1289 2551 alauda
1313 2494 1344 2551 vi
1415 2516 1416 2530 ¹

307 2596 361 2634 sna
388 2579 477 2635 etiam
503 2580 536 2635 in
563 2579 708 2652 principio
736 2581 881 2639 enuntiati
908 2578 1106 2638 collocaretur.
1146 2571 1181 2635 ltl
1206 2594 1293 2652 quom
1311 2576 1344 2633 in

305 2656 416 2717 Latina
437 2659 579 2733 particula
604 2680 699 2736 nequa
726 2662 763 2723 ad
789 2664 1050 2737 interrogationem
1074 2662 1233 2736 pertineret
1252 2664 1343 2733 neque

305 2741 343 2799 ad
365 2742 623 2820 exclamationem,
650 2746 683 2803 in
708 2742 821 2805 Graeca
842 2745 945 2806 rocula
964 2745 1114 2819 plerisque
1134 2741 1207 2803 haec
1225 2746 1341 2801 m'ntatio

303 2844 365 2883 non
388 2827 450 2886 risa
473 2834 517 2885 est
544 2826 610 2887 lieri
638 2830 770 2902 potuisse
795 2830 854 2888 nisi
882 2832 915 2888 in
942 2828 1133 2889 exclamando
1155 2836 1204 2887 ant
1224 2830 1341 2887 interro-

303 2907 409 2983 gando.
452 2906 647 2969 Conseruntur
667 2932 711 2987 ea,
734 2932 809 2986 quaa
824 2912 862 2972 G.
874 2910 1060 2973 Hermannus
1081 2910 1117 2969 cle
1139 2931 1174 2971 ea
1196 2930 1228 2970 re
1250 2909 1341 2985 expli·
1411 2924 1412 2944 ¹

303 2995 378 3050 cauit
394 2993 427 3052 in
447 2994 542 3068 praei.
564 2993 602 3053 ad
620 2991 775 3070 Sophoclis
799 2994 936 3071 Oedipum
959 2996 1109 3054 Coloneum
1128 3015 1160 3070 p.
1182 2990 1263 3053 xvi
1277 3014 1339 3067 sqq·
1410 3022 1411 3049 t

302 3072 352 3133 Ac
372 3096 442 3135 sane
463 3076 590 3152 uidetur,
612 3080 665 3137 etsi
685 3082 732 3138 ris
753 3082 818 3154 ipsa
840 3078 998 3153 particulae
1013 3098 1130 3152 semper
1146 3080 1235 3137 etiam
1246 3080 1277 3137 in
1290 3096 1339 3135 ex·

302 3159 476 3219 clamatione
497 3168 526 3219 ct
539 3162 768 3237 interrogatione
784 3163 820 3221 ad
836 3164 1050 3221 conclusionem
1067 3164 1196 3237 pertinet
1219 3196 1255 3207 -
1278 3180 1338 3218 con·
1408 3196 1409 3199 =

302 3242 444 3301 cludimus
466 3246 545 3301 enim
566 3244 679 3318 aliquid
700 3265 741 3304 ex
761 3247 908 3320 praesenti
925 3264 1023 3304 rerum
1038 3252 1123 3319 etatn,
1145 3248 1176 3303 in
1191 3265 1249 3320 qno
1261 3243 1337 3317 qnasi

300 3325 335 3383 in
349 3327 448 3401 aliquo
460 3325 649 3386 fundamento
661 3330 771 3397 nitatur
781 3330 833 3387 illa
848 3328 1020 3387 exclamatio
1032 3336 1080 3386 ant
1090 3330 1280 3405 interrogatio
1288 3358 1338 3397 -,

300 3415 399 3466 tamen
424 3408 477 3467 illa
505 3410 665 3484 particulae
689 3410 840 3485 productio
863 3411 959 3470 locum
979 3432 1039 3469 non
1062 3409 1187 3486 habere,
1214 3413 1273 3471 nisi
1292 3410 1337 3466 ubl

300 3508 337 3548 ea
363 3494 394 3548 ri
421 3491 526 3551 efferae
553 3512 670 3569 rocem,
697 3503 730 3553 ut
755 3495 883 3568 aliquam
908 3496 1167 3569 interrogationem
1195 3498 1245 3553 aut
1264 3492 1338 3549 voci·

297 3573 475 3633 serationem
503 3586 703 3650 superstruere
729 3580 841 3659 possis:
870 3580 902 3635 in
931 3596 965 3637 eo
994 3586 1091 3636 tamen
1117 3598 1183 3635 cnm
1205 3574 1245 3635 G.
1265 3572 1337 3633 Her·

298 3676 407 3716 manno
431 3658 588 3733 lucentio,
623 3661 701 3734 quod
725 3662 778 3721 illa
805 3670 937 3735 apertam
967 3680 1084 3734 semper
1113 3668 1163 3719 ant
1182 3662 1337 3733 interroga·

298 3742 411 3800 tionem
440 3750 490 3801 ant
516 3743 755 3802 exclamationem
782 3745 966 3818 requirebat,
999 3764 1053 3819 ego
1083 3745 1170 3801 ctiam
1195 3745 1334 3801 tectiorem

298 3826 540 3883 exclamationem
562 3837 611 3883 aut
631 3828 729 3901 talem,
749 3848 822 3901 qnae
838 3825 874 3885 acl
887 3827 1038 3901 singulare
1053 3836 1165 3883 tantum
1180 3826 1333 3885 sententiae

297 3910 420 3966 verbum
433 3910 587 3981 pertineat,
600 3908 808 3969 admittendam
820 3930 931 3970 censeo.
955 3909 1023 3991 Qua
1037 3912 1152 3968 ratione
1164 3910 1210 3968 illi
1224 3924 1334 3983 quoqne

298 3990 356 4049 loci
381 3989 531 4048 commoda
558 3990 700 4066 explicari
723 3998 810 4067 posse
834 3994 987 4066 ridentur,
1018 4012 1092 4067 qnos
1112 3993 1220 4051 multus
1240 3998 1333 4049 contra

298 4074 440 4134 librorum
461 4076 659 4134 anctoritatem
678 4077 830 4135 mutandos
852 4098 916 4137 esse
935 4076 1123 4136 existumavit
1139 4080 1188 4135 vir
1199 4089 1330 4134 nummus.

298 4155 378 4217 Nam
397 4156 471 4216 illud
483 4156 650 4235 Hartungio
671 4158 827 4219 concedere
840 4160 923 4219 nullo
936 4159 1021 4219 molo
1034 4178 1161 4234 possum,
1184 4156 1257 4233 quocl
1268 4144 1330 4229 ἆρα

300 4246 331 4298 ct
356 4233 425 4321 ἤρα’
442 4243 475 4298 in
496 4240 583 4301 huius
605 4243 684 4301 modi
707 4244 965 4317 locis-promiscue
987 4250 1127 4319 usurpata
1147 4260 1210 4301 ease
1227 4235 1330 4295 statuit·

289 4308 381 4403 ’Ἆρα
404 4325 483 4379 enim
502 4327 544 4383 ibi
567 4336 731 4411 usurpatur,
752 4327 803 4385 ubi
824 4327 952 4401 simplerc¹
971 4324 1153 4385 ratiocinatio
1168 4321 1332 4389 declaratur,

303 4390 369 4487 ἆρα
379 4410 490 4478 contra,
500 4408 550 4468 nbi
560 4410 670 4467 maiora
683 4410 808 4482 quadam
821 4412 851 4472 ri
866 4408 971 4470 efferas
984 4412 1068 4471 istam
1081 4407 1333 4476 munerationem,
