2850 4842
571 475 697 544 καῖιι
1068 483 1134 551 639

90 675 119 727 p.
142 651 214 710 456.
240 647 281 708 Α.
306 643 353 708 erl.
375 645 416 706 H.
437 645 540 722 Steph.
563 647 618 705 dici
641 647 751 721 potuit:
786 646 900 712 Ταῦτα
921 644 977 713 καὶ
997 646 1133 730 θαυμά.

91 733 167 811 ζων,
191 724 217 794 ul
236 734 257 792 Ι
258 729 374 814 ἀργία,
397 725 505 794 πάλαι
528 726 640 810 ἐρωτῶ
660 725 734 813 ἥτις
755 728 839 793 ποτὲ
860 724 879 813 ἢ
903 726 1041 810 δύναμίς
1054 733 1133 816 δἐστι

88 819 147 900 τῆς
171 813 390 900 ῥητορικῆς..
407 835 465 888 quio
494 816 524 872 iu
548 815 612 872 loco
640 814 780 887 particula
808 811 865 876 καὶ
891 815 978 875 effert
999 816 1030 876 id
1054 821 1131 892 qood

90 903 221 974 sequitur
257 899 427 956 vccabulum
460 891 664 972 θαυμάζων,
699 900 794 971 potuit
831 900 916 956 etiem
949 900 1025 958 dici:
1064 899 1133 966 Καὶ

89 986 182 1044 ταῦτα
215 966 313 1064 ἧτται
345 977 401 1042 καὶ
429 975 637 1054 θαυμαστόν.
679 978 798 1039 Etenim
827 1001 914 1055 saepe
942 986 1032 1041 etism
1059 985 1132 1045 alins

88 1068 152 1139 ipsa
172 1067 218 1123 nis
240 1064 375 1122 adiectivi
398 1065 508 1122 intuma
530 1065 572 1120 sic
593 1063 730 1138 ellertur,
754 1065 846 1124 veluti
865 1068 898 1124 in
919 1063 1132 1142 Aristophanis

89 1150 292 1208 Ecclesiozusis
311 1168 340 1206 v.
365 1150 423 1204 124
440 1167 487 1220 sq.
510 1146 631 1219 dicitur=

224 1275 321 1346 Arrip',
341 1265 363 1328 ὦ
380 1266 533 1344 γλυκυτάτη
551 1272 738 1348 Πραξαγόρα,
753 1280 875 1345 crispin,
894 1274 994 1348 τάλαν,

225 1341 261 1406 ὥς
277 1347 323 1397 καὶ
339 1348 543 1413 καταγέλαστον
561 1344 589 1398 ad
608 1348 725 1416 πρᾶγμα
745 1352 901 1420 ᾳαίνςιαι.,

89 1489 148 1542 qno
174 1469 207 1526 in
233 1466 297 1525 loco
322 1460 377 1528 καὶ
399 1465 540 1540 particula
560 1469 846 1541 necessariolipsnm
869 1465 944 1525 hanc
964 1470 1137 1528 notionemt'

89 1547 345 1631 καταγέλαστον,
382 1548 466 1608 dehet
498 1549 614 1608 efferre.
658 1549 828 1623 Eodemque
860 1550 946 1608 modo
980 1555 1068 1610 etiam
1098 1556 1132 1612 in
1227 1597 1230 1600 -

89 1631 272 1709 Thucydidis
302 1633 442 1696 looc,lib.'
463 1629 522 1694 lv.
543 1653 606 1708 cap.
630 1640 657 1691 l.
681 1633 800 1691 delendi
820 1636 938 1716 possitr⁵
959 1621 982 1718 ᾗ
1004 1633 1132 1710 μᾶλλον

90 1712 146 1778 καὶ
174 1712 384 1785 ἐπετίθεντο,
419 1737 455 1775 eo
486 1737 545 1788 quc
577 1716 836 1804 suprsnexplicsvi
864 1717 968 1791 modo,
999 1717 1131 1776 simodo

88 1799 157 1858 libri
178 1803 247 1858 satis
269 1799 354 1856 multi
376 1796 452 1856 hanc
473 1799 544 1856 olim
565 1801 711 1876 volgatam
734 1802 904 1873 scripturam
930 1808 1074 1860 tueantur.

171 1913 261 1992 Quod
290 1922 385 1974 nartem
412 1914 489 1972 idem
516 1915 568 1974 ille
597 1913 784 1973 doctissumus
810 1917 942 1996 vir'eam
967 1910 1023 1977 καί
1044 1919 1132 1992 parti-

89 1997 170 2064 culae
203 2000 417 2071 traiectionem,
448 2019 535 2072 quam
563 1995 601 2056 G.
623 1996 798 2056 Dindorlius
826 2019 890 2056 curn
918 2001 977 2057 iam
1001 1999 1071 2058 olim
1095 1999 1133 2058 ad
1212 2015 1227 2040 ⁰

87 2079 301 2153 Aristophanis
324 2074 521 2140 Aclurrncuscs
548 2101 579 2140 v.
602 2082 673 2138 884.
701 2081 762 2139 vol.
784 2078 807 2138 l.
831 2102 858 2154 p.
883 2085 933 2138 44.
960 2085 1132 2156 proposuis-

88 2171 142 2236 set,
164 2165 251 2221 etiam
273 2183 367 2238 nuper
393 2165 425 2220 in
449 2165 588 2222 llsesnuri
609 2163 797 2239 Stcpltcuiuui
820 2164 949 2238 editione
974 2162 1132 2224 Parisieusi

88 2249 140 2304 suh
162 2249 226 2319 ipsa
249 2240 304 2308 καὶ
325 2246 466 2318 particula
487 2245 631 2320 defendit,
655 2255 687 2302 ut
707 2248 744 2304 ab
767 2244 1016 2322 Atticis.qnidem
1037 2251 1132 2322 poetis

89 2324 144 2390 καὶ
161 2327 303 2402 particula
319 2331 346 2386 ei
362 2329 502 2387 vocabulo
520 2350 576 2402 quo
591 2331 750 2402 pertineret
766 2332 925 2403 postposita
940 2349 1004 2389 esse
1017 2330 1133 2389 videre·

89 2419 148 2486 tur,
171 2411 192 2468 l.
216 2410 236 2467 l.
260 2432 290 2484 p.
314 2412 353 2468 56
376 2431 419 2484 sq.
446 2413 635 2470 reiiciundam
665 2420 752 2486 atque
774 2413 1132 2489 explodendnmputnvit,

88 2497 118 2553 iu
148 2514 183 2552 en
213 2513 245 2550 re
276 2513 310 2551 eo
340 2497 432 2570 magis
456 2493 519 2552 cu‘m
545 2497 609 2552 viro
629 2499 748 2569 egregio
770 2499 946 2570 consentio,
968 2496 1045 2569 quod
1067 2501 1132 2570 ipse
1214 2507 1228 2522 ⁴

89 2579 158 2634 olim
186 2576 298 2634 eisdem
323 2575 387 2657 sere
415 2579 527 2636 caussis
553 2588 649 2636 motus
674 2586 704 2635 et
728 2578 838 2636 eisdem
860 2599 928 2637 usus
950 2583 1130 2654 argumentis

88 2659 235 2718 Dindnrhi
258 2667 440 2732 praeceptum
462 2662 631 2735 impugnari
653 2661 685 2717 in
705 2663 798 2718 Novis
818 2661 968 2720 noctitibus
988 2664 1086 2737 philol.
1106 2671 1132 2720 ct

88 2745 206 2818 pucdnp.
234 2742 294 2800 vol.
316 2739 374 2800 lv,
407 2764 436 2816 p.
464 2747 523 2800 402
546 2763 612 2817 sqq.
656 2739 717 2801 Sed
745 2746 776 2801 in
804 2746 928 2818 siugulis
957 2745 1131 2817 qrribusdam
1169 2755 1174 2765 ’

89 2825 159 2884 locis
191 2821 375 2900 explicandis
400 2817 487 2884 etia'm
515 2824 562 2882 hic
590 2827 687 2883 fateor
715 2825 789 2884 mihi
815 2827 1046 2886 dissentiendum
1067 2849 1132 2888 esse

89 2929 150 2978 cum
180 2911 246 2968 siro
273 2911 467 2967 amicissumo.
511 2905 551 2965 lit
579 2911 611 2965 in
634 2905 849 2983 Aristophanis
879 2910 996 2985 quidem
1017 2913 1133 2971 Achor-

88 2993 219 3050 ucnsilurs
237 3012 267 3051 v.
290 2995 350 3050 883
374 3011 418 3064 sq.
440 2993 472 3048 in
494 2991 591 3048 verbis
611 2988 675 3050 his:

295 3123 454 3190 Πρέσβαρα
472 3115 639 3186 πεντήκοντα
658 3107 808 3187 Κωπᾴδων
825 3122 925 3194 κορᾶν,

296 3188 395 3256 ἔκβαθι
414 3189 482 3256 τῷδε
496 3187 679 3261 χὴπιχαρίιια
697 3189 734 3255 τῷ
751 3191 845 3256 ξέναι,

92 3309 215 3382 dubitari
236 3329 303 3367 meo
326 3309 444 3383 quidem
466 3310 571 3386 iudicio
592 3330 651 3368 uon
673 3307 769 3384 potest
790 3311 861 3382 quin
887 3301 1009 3387 ἔκβαθι
1033 3304 1134 3396 ’‘vlut-

91 3389 227 3476 χαρῖιτα
250 3396 353 3452 usitato
371 3412 453 3451 more
475 3394 625 3469 dicautur,
648 3393 700 3452 sed
720 3393 797 3466 qnod
815 3389 962 3466 Hamillus
985 3397 1026 3452 oit
1046 3398 1133 3457 verbs

93 3477 133 3532 ita
154 3475 356 3550 coniungenda
378 3497 458 3534 esse:
483 3469 605 3553 ἔκβαθι
628 3468 850 3559 κήπιχαρίττα
870 3473 953 3556 τῷδε
975 3478 1022 3558 τῷ
1044 3476 1134 3562 ξένῳ,

93 3577 193 3618 vereor
211 3579 250 3618 ue
268 3559 323 3618 hoc
340 3562 451 3634 ipsum,
474 3560 553 3632 quod
574 3562 747 3633 interposita
769 3554 824 3620 καὶ
845 3558 986 3630 particule
1008 3581 1067 3619 non
1089 3569 1136 3622 vi.

96 3641 231 3700 derentur
261 3643 349 3702 verba
385 3640 471 3724 τῷδε
492 3673 533 3684 -
555 3645 602 3725 τῷ
632 3639 712 3724 ξένῳ
748 3650 815 3715 apte
842 3643 918 3698 inter
942 3661 974 3698 se
996 3647 1135 3722 coniungi

94 3746 196 3800 posse,
230 3723 268 3783 G.
297 3723 483 3784 Dindorlium
515 3727 652 3794 moverit,
691 3730 723 3781 ut
753 3720 809 3784 καὶ
843 3726 1033 3797 postpositum
1067 3733 1164 3788 roci*

95 3805 179 3890 τῷδε
198 3817 329 3883 putaret,
356 3829 418 3866 cum
438 3809 585 3866 debuisset
607 3808 761 3881 anteponi,
782 3807 883 3879 itaque
901 3808 928 3864 si
948 3807 1135 3886 sententiam,

94 3911 153 3946 non
174 3894 262 3950 verba
283 3893 398 3965 singula
420 3901 590 3966 spectamus,
613 3891 667 3948 dici
689 3889 807 3963 quidem
828 3897 923 3963 potest
943 3893 1031 3950 verba
1051 3893 1135 3976 rigide

95 3974 140 4054 τῷ
160 3970 239 4057 ξένῳ
268 3975 471 4050 coniungenda
496 3983 585 4048 utque
608 3993 666 4031 nna
687 3970 887 4045 intellegenda
910 3991 990 4045 csse,
1022 3977 1048 4034 si
1069 3986 1135 4036 ver·

95 4057 196 4114 horum
225 4058 465 4132 explicationem,
498 4058 636 4116 dehemus
668 4077 733 4114 meu
765 4055 883 4128 quidem
912 4059 1055 4115 sententis
1079 4057 1136 4120 hcc

95 4137 198 4213 dicere,
221 4139 298 4213 qnod
319 4141 387 4198 clim
410 4143 474 4214 ipse
493 4139 554 4198 dixi
575 4142 597 4198 1.
615 4137 637 4198 l.
662 4159 692 4214 p.
705 4142 786 4206 403„
809 4137 1050 4216 Aristophanem,
1072 4165 1135 4203 cum

95 4219 165 4280 haec
187 4227 363 4297 coniungere
383 4232 481 4298 posset
503 4222 587 4305 τῷδε
609 4224 655 4304 τῷ
672 4219 754 4306 ξένῳ
771 4227 858 4294 atqua
877 4219 974 4278 dicero
992 4233 1057 4282 aut:
1081 4220 1136 4288 ε”κ-

95 4305 180 4381 paor
207 4305 293 4390 τῷόε
313 4307 361 4390 τῷ
383 4302 463 4390 ξένῳ
482 4297 724 4390 ’κῆαιχαρίιτω
757 4311 820 4363 ants
846 4295 970 4383 ἔκβαθι
992 4299 1137 4390 scinopo-
