2850 4842
105 525 110 539 ι
524 420 616 494 dele.
1041 427 1107 498 450

62 621 127 660 uon
161 593 362 669 omniafere,
397 612 473 669 ques
499 594 536 656 de
560 592 608 656 his
632 591 727 656 modis
750 593 947 673 ιιιιιιιιιιιι,
979 596 1019 658 sd
1038 601 1105 662 eius

62 684 145 744 modi
167 682 388 742 terminationes
410 680 577 754 pertineant
599 687 727 738 autnon
748 682 863 754 possint
882 686 1105 744 commutatione

61 787 165 828 earum
193 763 399 839 particulorum
427 762 502 822 tolli.
541 759 603 822 Sed
624 761 701 822 hanc
724 783 787 824 rem
806 766 867 824 iam
887 773 1051 839 spectemus
1073 770 1105 826 ιι

61 854 141 924 ipsis
162 850 281 908 testibus
303 848 434 919 antiquis
454 845 662 921 producendis,
683 867 806 920 quorum
824 849 990 909 testimonia
1003 871 1106 923 quam·

62 938 110 994 ris
137 933 205 991 lioet
230 933 262 989 in
294 928 467 1002 quibusdam
493 930 566 988 locis
581 937 616 1004 1ιι
634 931 824 1004 abantiquis
844 938 875 990 et
902 934 1028 994 enoris
1049 934 1106 992 cri·

63 1020 133 1076 ticis
154 1017 304 1074 obscrsrata
325 1013 402 1086 sint,
423 1020 519 1072 tamen
542 1011 598 1072 hoc
612 1011 759 1087 efficient,
779 1021 813 1072 ut
834 1033 874 1072 ns
894 1015 967 1088 qnid
985 1025 1107 1092 temere,

63 1098 147 1178 quod
177 1100 250 1156 ratio
279 1098 345 1170 ipsa
381 1098 575 1212 concesserit,
615 1098 765 1171 veteribus
796 1099 986 1171 scriptoribus
1016 1098 1106 1160 deue-
1159 1169 1164 1178 ¹
1197 1125 1208 1143 ¹

86 1201 177 1242 emus.

62 1203 84 1259 g
150 1262 198 1347 Aa
216 1263 341 1338 primam
360 1259 483 1336 prodeat
504 1259 712 1340 Thucydides,
732 1264 815 1323 cuim
829 1264 1052 1324 testimonium
1040 1285 1108 1340 rpse

65 1333 198 1407 Thomas
219 1343 366 1420 Magister
393 1345 563 1420 appellarit.
604 1343 634 1406 ls
655 1345 786 1422 duobus,
811 1355 843 1406 ut
864 1347 1012 1424 ridetur,
1034 1349 1107 1410 locis

66 1427 127 1495 ἐὰν
159 1429 330 1506 particulam
359 1449 422 1486 cnm
450 1431 580 1503 optativo
610 1432 805 1505 consociavit,
846 1430 927 1490 undo
953 1434 1009 1491 six
1042 1432 1106 1492 tolli

64 1522 165 1590 potest
196 1513 396 1588 plurumorunr
426 1511 571 1572 librorum
600 1515 758 1589 scriptura,
787 1533 828 1574 ex
854 1523 939 1590 posto
971 1516 1060 1574 etiarn
1088 1535 1107 1574 a

66 1598 263 1674 grammaticis
296 1596 441 1656 veteribus
477 1597 672 1690 comprobata.
724 1595 846 1656 Iliorum
875 1617 946 1659 vero
976 1598 1108 1658 locorum

64 1683 150 1754 prior
195 1681 282 1739 etiam
306 1680 344 1738 ob
371 1678 459 1738 aliern
481 1699 609 1738 caussam
632 1679 734 1756 paullo
757 1679 920 1784 difficilior,
940 1681 1085 1757 Qlegirm·
1073 1702 1107 1740 ιιι

63 1765 119 1823 lib.
140 1721 199 1824 lll.
225 1783 287 1863 cap.
311 1764 379 1864 44.,
405 1762 456 1821 nbi
473 1760 620 1822 Diodotus
642 1762 716 1824 heae
735 1763 821 1823 dicit:
856 1757 935 1824 Ἐ
912 1785 941 1826 ω
960 1760 998 1827 δὲ
1017 1785 1108 1848 παρ·

64 1845 177 1948 ἦλθον
208 1835 285 1908 o’ure
315 1835 462 1944 ἀντερῶν
492 1841 573 1927 περὶ
600 1841 842 1950 Movet-praiaco
869 1868 888 1910 ο
929 1867 1108 1948 ικατηγο-

65 1927 190 2028 ρι’σων
223 1920 264 1990 ori
285 1923 352 2009 γὰρ
378 1922 538 2028 περὶτῆς
559 1923 692 1992 ἐκείνων
712 1923 912 2004 adoriare
866 1924 929 2032 ἡιΐ
915 1951 946 1994 ιν
968 1921 988 1992 ὁ
1008 1921 1108 2028 ἀγών,

64 2007 95 2075 ei
111 2030 369 2114 σωφρινιιιιμεν,
392 2001 477 2072 ἀλλὰ
497 2007 577 2112 caepi
597 2012 657 2093 τῆς
678 2004 842 2114 &precipue
861 2002 1090 2115 evssoullccff‘
1051 2033 1109 2110 ,ην
1174 2037 1183 2049 ’

65 2117 100 2158 sa
112 2091 188 2198 γὰρ
211 2084 378 2192 ἀποφήνω
398 2084 487 2155 πάνυ
503 2083 699 2192 ἀδικοῦντας
720 2086 860 2170 αὐτούς,
880 2115 921 2158 ου
908 2086 991 2157 διὰ
1007 2095 1108 2158 τοῦτο

65 2175 121 2241 και
152 2171 356 2240 ἀποκτεῖναι
390 2168 549 2247 κελεύσω,
586 2168 618 2238 el
647 2172 693 2259 μὴ
726 2173 905 2278 ξυμφέρον·
930 2169 989 2278 ἢν
992 2197 1029 2238 ca
1051 2169 1109 2239 και

68 2255 200 2339 ἔχοντες
220 2277 254 2319 ιι
276 2249 411 2336 ξυγγνωι
398 2276 464 2337 μης
482 2217 615 2332 alac,’
585 2277 616 2320 es
637 2260 683 2358 τῇ
700 2251 802 2322 πόλει
816 2254 863 2341 μὴ
880 2249 1012 2340 ἀγαθὸν
1027 2255 1110 2341 φαί-

66 2365 187 2412 oorro„
218 2360 276 2415 quc
303 2337 339 2398 de
365 2339 429 2398 loeo
454 2359 519 2398 cum
538 2359 653 2400 summe
673 2344 753 2400 iuter
772 2340 870 2400 doctos
891 2344 931 2400 sit
950 2341 1128 2421 (ιιιιοιιιιίι,1

67 2445 121 2500 rgo
145 2426 200 2485 hic
220 2423 298 2482 nihil
318 2421 399 2482 aliud
416 2422 514 2482 iacere
537 2443 654 2498 possum
675 2425 734 2484 nisi
757 2432 791 2484 ut
809 2426 982 2500 simpliciter
1001 2444 1110 2499 ponem

65 2510 244 2570 sententiam
274 2525 384 2581 meam,
412 2525 489 2579 quae
514 2507 601 2565 facile
626 2527 690 2568 sese
718 2507 962 2568 commendabit
951 2527 1027 2582 ipsa.
1069 2505 1110 2566 Et

66 2593 103 2652 de
122 2591 225 2654 verbis
246 2589 380 2664 quidem,
402 2609 490 2663 quem
515 2589 550 2648 sd
570 2589 688 2648 modum
707 2609 799 2664 supra
819 2611 837 2648 a
857 2610 905 2649 ms
923 2594 1109 2666 positasuut,

67 2678 122 2734 rix
150 2673 271 2736 ridetur
301 2691 406 2772 posse„
414 2671 548 2732 dubitari.
601 2671 710 2747 Neque
737 2675 818 2731 euim
845 2672 923 2746 quod
950 2672 1109 2732 deteriores

69 2757 187 2832 quidam
215 2756 284 2814 libri
309 2775 361 2828 pro
382 2744 422 2839 ἤν
442 2775 478 2818 τι
499 2755 594 2815 altere
613 2754 678 2816 loco
701 2755 856 2816 exhibent:
890 2748 975 2831 εἴτε,
1000 2755 1032 2814 id
1055 2774 1110 2829 pc·

71 2843 141 2900 terit
169 2838 252 2898 aliod
282 2837 396 2898 efficere
422 2840 480 2896 uisi
510 2847 543 2904 ιι
570 2838 756 2898 credamus
746 2860 805 2897 mm
827 2839 966 2898 librarios
994 2847 1109 2898 veteres

71 2921 263 2982 offendisse
254 2941 284 2980 ιιι
306 2923 434 2996 optativo
456 2909 522 2982 elev
543 2913 622 2978 ab
601 2941 641 3002 ην
661 2922 802 2994 particula
823 2939 982 2996 suapeuso,
1008 2923 1110 2995 itaque
1231 2973 1238 2980 .

71 3007 251 3078 correxisse,
273 3005 350 3078 quod
377 3005 523 3078 optativus
545 3003 694 3062 commode
714 3006 859 3062 removeri
880 3024 940 3064 uon
960 3025 1047 3078 posse
1065 3006 1110 3064 ιι-

71 3089 204 3162 deretur,
237 3087 423 3162 particulam.
458 3105 547 3160 quam
577 3088 786 3146 correctionem
814 3085 884 3142 libri
919 3095 1017 3146 temen
1044 3107 1110 3145 cum

71 3173 198 3246 plurumi
223 3180 254 3230 et
283 3172 395 3245 optumi
427 3176 488 3228 tum
509 3166 641 3228 Thomas
660 3167 808 3265 Magistri
820 3169 1020 3228 testimouium
1039 3170 1111 3228 satis

71 3255 234 3330 repudiant.
282 3253 384 3356 Quod
396 3271 494 3350 quom
505 3255 547 3310 ita
568 3255 619 3324 sit,
639 3253 745 3311 verber
754 3239 826 3351 ἥν
847 3271 883 3312 se
903 3245 961 3312 nat
984 3244 1113 3354 ιιοπὲς

71 3357 103 3399 τι
132 3327 322 3420 ξυγγνώμης
354 3325 435 3410 aler,
463 3325 495 3397 ei
594 3327 694 3398 πόλει
720 3328 766 3416 μὴ
793 3321 925 3411 ἀγαθὸν
945 3352 1112 3473 perverso,

71 3423 245 3479 necessario
255 3419 405 3480 retinenda
425 3426 504 3478 suut.
524 3356 609 3478 lieo
628 3435 716 3491 vero,
736 3419 765 3476 si
781 3417 939 3476 retinemus
960 3435 995 3475 ea
1011 3416 1082 3476 verb
1083 3435 1112 3490 a,
1223 3489 1226 3496 Ι

72 3501 145 3561 mihi
170 3504 233 3562 ullo
261 3503 347 3562 morlo
375 3501 500 3560 dubitari
525 3520 613 3576 posse
634 3500 765 3575 videtur,
794 3519 934 3573 quorsum
952 3500 1040 3557 iaciat
1064 3497 1113 3557 hio

72 3589 230 3659 optativus:
264 3577 305 3668 ἥν
325 3605 422 3648 ce-
379 3571 515 3648 -.ιῖει
565 3583 656 3644 Caute
682 3586 763 3644 euim
784 3579 972 3659 Thucydides
999 3580 1113 3641 Diodo-

73 3675 135 3726 tom
153 3668 323 3743 loquentem
342 3669 427 3770 iacit,
449 3670 500 3767 (ιιι
525 3665 580 3728 hoc
600 3671 655 3742 ait,
677 3687 739 3728 noa
759 3685 846 3740 posse
867 3665 1113 3740 nuucdisceptari

73 3771 132 3824 quo
158 3754 222 3810 iura
257 3771 351 3826 quare
381 3752 489 3810 iniuria
515 3749 696 3828 Mytilenaei
723 3758 911 3823 accusentur,
940 3748 993 3809 sed
1014 3751 1112 3825 potios

73 3833 110 3892 ds
133 3853 168 3894 eo
196 3833 413 3894 deliberandum
435 3853 519 3910 esse,
547 3834 619 3909 quid
639 3837 684 3894 rei
705 3834 839 3908 publicae
862 3833 1010 3892 condurat.
1051 3829 1113 3890 Ita·

74 3935 133 3990 qus
159 3939 246 3990 quom
276 3913 373 3977 Gieou'
397 3926 483 3977 antea
507 3915 582 3978 hene
601 3919 776 3978 senteutiam
795 3917 905 3991 populo
922 3914 1113 3990 venditasset,

75 4001 179 4071 quavis
203 4019 299 4074 poena
325 4000 430 4075 dignos
456 3999 550 4061 videri
575 4001 796 4078 Mytilenaeos,
825 4001 890 4074 ipss
915 4000 1003 4058 istam
1023 4017 1113 4071 quas·

73 4084 200 4142 ationem
231 4086 273 4144 sic
301 4083 489 4144 omittendam
516 4103 580 4146 esse
605 4088 662 4162 eit,
694 4092 727 4142 ut
756 4092 852 4141 tamen
882 4081 953 4140 illos
972 4101 1035 4139 non
1055 4087 1114 4139 tarn

73 4184 216 4244 purgare,
245 4189 333 4244 quam
363 4167 563 4266 Athenienses
595 4169 632 4228 ds
665 4167 812 4226 communi
839 4164 932 4224 salute
956 4163 1114 4222 admouere

76 4247 218 4312 rideatur.
264 4249 347 4311 Dicit
369 4253 476 4326 igiturr
501 4239 569 4314 “Hc
595 4273 631 4316 ca
653 4245 717 4333 γὰρ
741 4239 909 4333 ἆπαφήνω
928 4239 1018 4312 πάνυ
1039 4237 1114 4311 ἆὸι·
