<?xml version="1.0" encoding="UTF-8"?>
<!DOCTYPE html PUBLIC "-//W3C//DTD XHTML 1.0 Transitional//EN"
    "http://www.w3.org/TR/xhtml1/DTD/xhtml1-transitional.dtd">
<html xmlns="http://www.w3.org/1999/xhtml" xml:lang="en" lang="en">
 <head>
  <title>
</title>
<meta http-equiv="Content-Type" content="text/html;charset=utf-8" />
  <meta name='ocr-system' content='tesseract 3.04.00' />
  <meta name='ocr-capabilities' content='ocr_page ocr_carea ocr_par ocr_line ocrx_word'/>
</head>
<body>
  <div class='ocr_page' id='page_1' title='image "./matthaeidevarii00unkngoog/matthaeidevarii00unkngoog_0329.png"; bbox 0 0 2850 4842; ppageno 0'>
   <div class='ocr_carea' id='block_1_1' title="bbox 552 429 1143 508">
    <p class='ocr_par' dir='ltr' id='par_1_1' title="bbox 552 429 1143 508">
     <span class='ocr_line' id='line_1_1' title="bbox 552 429 1143 508; baseline -0.007 -5"><span class='ocrx_word' id='word_1_1' title='bbox 552 429 682 508; x_wconf 71' lang='grc' dir='ltr'><strong><em>ἄλλό..</em></strong></span> <span class='ocrx_word' id='word_1_2' title='bbox 801 470 810 488; x_wconf 74' lang='lat'>=</span> <span class='ocrx_word' id='word_1_3' title='bbox 1098 434 1143 505; x_wconf 78' lang='grc'><strong>25</strong></span> 
     </span>
    </p>
   </div>
   <div class='ocr_carea' id='block_1_2' title="bbox 81 572 1142 779">
    <p class='ocr_par' dir='ltr' id='par_1_2' title="bbox 81 572 1142 779">
     <span class='ocr_line' id='line_1_2' title="bbox 83 572 1142 695; baseline -0.014 -15"><span class='ocrx_word' id='word_1_4' title='bbox 83 622 144 695; x_wconf 78' lang='lat' dir='ltr'><strong>fit,</strong></span> <span class='ocrx_word' id='word_1_5' title='bbox 174 615 212 676; x_wconf 88' lang='lat' dir='ltr'><strong>ad</strong></span> <span class='ocrx_word' id='word_1_6' title='bbox 227 614 413 691; x_wconf 67' lang='lat' dir='ltr'>singularem</span> <span class='ocrx_word' id='word_1_7' title='bbox 436 580 581 685; x_wconf 82' lang='lat' dir='ltr'><strong>quandum</strong></span> <span class='ocrx_word' id='word_1_8' title='bbox 605 608 752 666; x_wconf 86' lang='lat' dir='ltr'><strong>enuntiati</strong></span> <span class='ocrx_word' id='word_1_9' title='bbox 769 608 918 667; x_wconf 82' lang='lat' dir='ltr'><strong>notionem</strong></span> <span class='ocrx_word' id='word_1_10' title='bbox 939 572 1031 666; x_wconf 85' lang='lat' dir='ltr'><strong>relata</strong></span> <span class='ocrx_word' id='word_1_11' title='bbox 1051 605 1142 683; x_wconf 78' lang='lat' dir='ltr'><strong>algni-</strong></span> 
     </span>
     <span class='ocr_line' id='line_1_3' title="bbox 81 688 1141 779; baseline -0.017 -14"><span class='ocrx_word' id='word_1_12' title='bbox 81 705 208 765; x_wconf 82' lang='lat' dir='ltr'><strong>ficetnr.</strong></span> <span class='ocrx_word' id='word_1_13' title='bbox 246 697 302 760; x_wconf 88' lang='lat' dir='ltr'><strong>Sic</strong></span> <span class='ocrx_word' id='word_1_14' title='bbox 323 700 359 757; x_wconf 90' lang='lat' dir='ltr'><strong>in</strong></span> <span class='ocrx_word' id='word_1_15' title='bbox 374 696 429 755; x_wconf 93' lang='lat' dir='ltr'><strong>illo</strong></span> <span class='ocrx_word' id='word_1_16' title='bbox 446 688 657 766; x_wconf 72' lang='lat' dir='ltr'><strong>Aristophanis</strong></span> <span class='ocrx_word' id='word_1_17' title='bbox 675 689 740 749; x_wconf 88' lang='lat' dir='ltr'><strong>loco</strong></span> <span class='ocrx_word' id='word_1_18' title='bbox 761 710 800 750; x_wconf 88' lang='lat' dir='ltr'><strong>ex</strong></span> <span class='ocrx_word' id='word_1_19' title='bbox 814 690 943 749; x_wconf 78' lang='lat' dir='ltr'><strong>Nubilus</strong></span> <span class='ocrx_word' id='word_1_20' title='bbox 958 710 986 779; x_wconf 73' lang='lat' dir='ltr'><strong>r.</strong></span> <span class='ocrx_word' id='word_1_21' title='bbox 1000 693 1061 749; x_wconf 83' lang='lat'><strong>399</strong></span> <span class='ocrx_word' id='word_1_22' title='bbox 1069 710 1141 767; x_wconf 58' lang='grc' dir='ltr'><strong>μσς.</strong></span> 
     </span>
    </p>
   </div>
   <div class='ocr_carea' id='block_1_3' title="bbox 127 818 1142 1032">
    <p class='ocr_par' dir='ltr' id='par_1_3' title="bbox 127 818 1142 1032">
     <span class='ocr_line' id='line_1_4' title="bbox 132 818 1042 903; baseline -0.013 -18"><span class='ocrx_word' id='word_1_23' title='bbox 132 835 222 903; x_wconf 77' lang='grc' dir='ltr'><strong><em>Εἴπερ</em></strong></span> <span class='ocrx_word' id='word_1_24' title='bbox 239 825 333 896; x_wconf 72' lang='grc' dir='ltr'><strong><em>βάλλει</em></strong></span> <span class='ocrx_word' id='word_1_25' title='bbox 352 823 417 885; x_wconf 85' lang='grc' dir='ltr'><strong>τούς</strong></span> <span class='ocrx_word' id='word_1_26' title='bbox 433 818 591 890; x_wconf 67' lang='grc' dir='ltr'><strong><em>ἐπιόρκους,</em></strong></span> <span class='ocrx_word' id='word_1_27' title='bbox 610 821 670 881; x_wconf 81' lang='grc' dir='ltr'><strong>πῶς</strong></span> <span class='ocrx_word' id='word_1_28' title='bbox 688 818 750 890; x_wconf 60' lang='lat' dir='ltr'><strong>cipi</strong></span> <span class='ocrx_word' id='word_1_29' title='bbox 767 818 871 887; x_wconf 75' lang='grc' dir='ltr'><strong><em>Σίμων)</em></strong></span> <span class='ocrx_word' id='word_1_30' title='bbox 891 821 1042 893; x_wconf 73' lang='grc' dir='ltr'><strong><em>ἐνέπρησεν</em></strong></span> 
     </span>
     <span class='ocr_line' id='line_1_5' title="bbox 130 886 1125 978; baseline -0.011 -24"><span class='ocrx_word' id='word_1_31' title='bbox 130 899 199 955; x_wconf 74' lang='grc' dir='ltr'><strong>οὐδὲ</strong></span> <span class='ocrx_word' id='word_1_32' title='bbox 215 893 387 978; x_wconf 65' lang='grc' dir='ltr'><strong><em>Κλεώνυμον</em></strong></span> <span class='ocrx_word' id='word_1_33' title='bbox 404 891 469 946; x_wconf 80' lang='grc' dir='ltr'><strong>οὐδὲ</strong></span> <span class='ocrx_word' id='word_1_34' title='bbox 480 894 618 975; x_wconf 65' lang='grc' dir='ltr'><strong>1Θίαιρονς</strong></span> <span class='ocrx_word' id='word_1_35' title='bbox 635 894 725 944; x_wconf 85' lang='grc' dir='ltr'><strong><em>καίτοι</em></strong></span> <span class='ocrx_word' id='word_1_36' title='bbox 742 886 854 971; x_wconf 70' lang='grc' dir='ltr'><strong><em>σφόδρα</em></strong></span> <span class='ocrx_word' id='word_1_37' title='bbox 871 886 895 958; x_wconf 59' lang='grc' dir='ltr'><strong>ρ)</strong></span> <span class='ocrx_word' id='word_1_38' title='bbox 916 886 963 942; x_wconf 75' lang='lat' dir='ltr'><strong>alo&#39;</strong></span> <span class='ocrx_word' id='word_1_39' title='bbox 985 889 1125 961; x_wconf 73' lang='grc' dir='ltr'><strong><em>ἐπίορκοι·</em></strong></span> 
     </span>
     <span class='ocr_line' id='line_1_6' title="bbox 127 951 1142 1032; baseline -0.011 -10"><span class='ocrx_word' id='word_1_40' title='bbox 127 966 201 1022; x_wconf 79' lang='grc' dir='ltr'><strong><em>ἀλλὰ</em></strong></span> <span class='ocrx_word' id='word_1_41' title='bbox 218 965 267 1021; x_wconf 78' lang='grc' dir='ltr'><strong>τὸν</strong></span> <span class='ocrx_word' id='word_1_42' title='bbox 284 984 369 1019; x_wconf 80' lang='lat' dir='ltr'><strong>aaron</strong></span> <span class='ocrx_word' id='word_1_43' title='bbox 386 978 420 1032; x_wconf 73' lang='grc' dir='ltr'><strong>γε</strong></span> <span class='ocrx_word' id='word_1_44' title='bbox 437 978 509 1016; x_wconf 85' lang='grc' dir='ltr'><strong><em>νιων</em></strong></span> <span class='ocrx_word' id='word_1_45' title='bbox 523 960 617 1028; x_wconf 64' lang='lat' dir='ltr'><strong>patto</strong></span> <span class='ocrx_word' id='word_1_46' title='bbox 630 961 677 1011; x_wconf 80' lang='grc' dir='ltr'><strong>καὶ</strong></span> <span class='ocrx_word' id='word_1_47' title='bbox 691 962 812 1011; x_wconf 86' lang='grc' dir='ltr'><strong><em>Σουνιον</em></strong></span> <span class='ocrx_word' id='word_1_48' title='bbox 826 951 1064 1030; x_wconf 71' lang='grc' dir='ltr'><strong><em>ι’ἰκρονῖΑσηνίων</em></strong></span> <span class='ocrx_word' id='word_1_49' title='bbox 1076 956 1142 1025; x_wconf 65' lang='lat' dir='ltr'><strong>xri„</strong></span> 
     </span>
    </p>
   </div>
   <div class='ocr_carea' id='block_1_4' title="bbox 91 1070 1176 1923">
    <p class='ocr_par' dir='ltr' id='par_1_4' title="bbox 91 1070 1176 1923">
     <span class='ocr_line' id='line_1_7' title="bbox 92 1070 1143 1166; baseline -0.011 -15"><span class='ocrx_word' id='word_1_50' title='bbox 92 1112 159 1166; x_wconf 84' lang='lat' dir='ltr'><strong>qno</strong></span> <span class='ocrx_word' id='word_1_51' title='bbox 179 1093 215 1148; x_wconf 91' lang='lat' dir='ltr'><strong>iu</strong></span> <span class='ocrx_word' id='word_1_52' title='bbox 234 1090 301 1149; x_wconf 83' lang='lat' dir='ltr'><strong>loco</strong></span> <span class='ocrx_word' id='word_1_53' title='bbox 320 1087 447 1162; x_wconf 90' lang='lat' dir='ltr'><strong>primum</strong></span> <span class='ocrx_word' id='word_1_54' title='bbox 462 1080 606 1158; x_wconf 86' lang='lat' dir='ltr'><strong>particula</strong></span> <span class='ocrx_word' id='word_1_55' title='bbox 619 1070 704 1143; x_wconf 74' lang='grc' dir='ltr'><strong>σίλλοῖ</strong></span> <span class='ocrx_word' id='word_1_56' title='bbox 720 1082 876 1138; x_wconf 85' lang='lat' dir='ltr'><strong>occurritur</strong></span> <span class='ocrx_word' id='word_1_57' title='bbox 888 1080 1046 1155; x_wconf 82' lang='lat' dir='ltr'><strong>negationi,</strong></span> <span class='ocrx_word' id='word_1_58' title='bbox 1066 1099 1143 1153; x_wconf 76' lang='lat' dir='ltr'><strong>quae</strong></span> 
     </span>
     <span class='ocr_line' id='line_1_8' title="bbox 91 1159 1143 1243; baseline -0.013 -8"><span class='ocrx_word' id='word_1_59' title='bbox 91 1186 161 1235; x_wconf 81' lang='lat' dir='ltr'><strong>erat</strong></span> <span class='ocrx_word' id='word_1_60' title='bbox 186 1176 219 1234; x_wconf 92' lang='lat' dir='ltr'><strong>iu</strong></span> <span class='ocrx_word' id='word_1_61' title='bbox 247 1170 427 1231; x_wconf 72' lang='lat' dir='ltr'><strong>antecedenti</strong></span> <span class='ocrx_word' id='word_1_62' title='bbox 456 1169 605 1239; x_wconf 84' lang='lat' dir='ltr'><strong>cretione,</strong></span> <span class='ocrx_word' id='word_1_63' title='bbox 633 1162 738 1224; x_wconf 89' lang='lat' dir='ltr'><strong>deinde</strong></span> <span class='ocrx_word' id='word_1_64' title='bbox 762 1164 903 1239; x_wconf 87' lang='lat' dir='ltr'><strong>particula</strong></span> <span class='ocrx_word' id='word_1_65' title='bbox 925 1159 961 1243; x_wconf 77' lang='grc' dir='ltr'><strong>γὲ</strong></span> <span class='ocrx_word' id='word_1_66' title='bbox 983 1161 1021 1222; x_wconf 87' lang='lat' dir='ltr'><strong>de</strong></span> <span class='ocrx_word' id='word_1_67' title='bbox 1041 1182 1078 1222; x_wconf 90' lang='lat' dir='ltr'><strong>ea</strong></span> <span class='ocrx_word' id='word_1_68' title='bbox 1094 1184 1143 1240; x_wconf 83' lang='lat' dir='ltr'><strong>ra,</strong></span> 
     </span>
     <span class='ocr_line' id='line_1_9' title="bbox 93 1242 1143 1335; baseline -0.011 -17"><span class='ocrx_word' id='word_1_69' title='bbox 93 1278 177 1335; x_wconf 88' lang='lat' dir='ltr'><strong>quae</strong></span> <span class='ocrx_word' id='word_1_70' title='bbox 199 1258 285 1316; x_wconf 88' lang='lat' dir='ltr'><strong>alteri</strong></span> <span class='ocrx_word' id='word_1_71' title='bbox 306 1259 481 1329; x_wconf 86' lang='lat' dir='ltr'><strong>opponatur,</strong></span> <span class='ocrx_word' id='word_1_72' title='bbox 497 1252 538 1309; x_wconf 90' lang='lat' dir='ltr'><strong>ita</strong></span> <span class='ocrx_word' id='word_1_73' title='bbox 558 1242 736 1322; x_wconf 80' lang='lat' dir='ltr'><strong>adfirmatur,</strong></span> <span class='ocrx_word' id='word_1_74' title='bbox 757 1258 789 1306; x_wconf 89' lang='lat' dir='ltr'><strong>ut</strong></span> <span class='ocrx_word' id='word_1_75' title='bbox 809 1250 897 1306; x_wconf 87' lang='lat' dir='ltr'><strong>etiam</strong></span> <span class='ocrx_word' id='word_1_76' title='bbox 919 1248 945 1304; x_wconf 80' lang='lat' dir='ltr'><strong>ai</strong></span> <span class='ocrx_word' id='word_1_77' title='bbox 965 1249 998 1315; x_wconf 76' lang='lat' dir='ltr'><strong>iu</strong></span> <span class='ocrx_word' id='word_1_78' title='bbox 1014 1267 1061 1306; x_wconf 87' lang='lat' dir='ltr'><strong>res</strong></span> <span class='ocrx_word' id='word_1_79' title='bbox 1077 1255 1143 1307; x_wconf 83' lang='lat' dir='ltr'><strong>ante</strong></span> 
     </span>
     <span class='ocr_line' id='line_1_10' title="bbox 97 1330 1145 1411; baseline -0.014 -9"><span class='ocrx_word' id='word_1_80' title='bbox 97 1349 338 1402; x_wconf 82' lang='lat' dir='ltr'><strong>commemoratas</strong></span> <span class='ocrx_word' id='word_1_81' title='bbox 360 1336 429 1411; x_wconf 88' lang='lat' dir='ltr'><strong>hoc,</strong></span> <span class='ocrx_word' id='word_1_82' title='bbox 451 1334 530 1410; x_wconf 84' lang='lat' dir='ltr'><strong>quod</strong></span> <span class='ocrx_word' id='word_1_83' title='bbox 552 1333 665 1406; x_wconf 84' lang='lat' dir='ltr'><strong>dicitur,</strong></span> <span class='ocrx_word' id='word_1_84' title='bbox 686 1353 747 1389; x_wconf 91' lang='lat' dir='ltr'><strong>uou</strong></span> <span class='ocrx_word' id='word_1_85' title='bbox 767 1330 860 1407; x_wconf 78' lang='lat' dir='ltr'><strong>cadat,</strong></span> <span class='ocrx_word' id='word_1_86' title='bbox 882 1338 978 1389; x_wconf 87' lang='lat' dir='ltr'><strong>tomen</strong></span> <span class='ocrx_word' id='word_1_87' title='bbox 1000 1332 1145 1404; x_wconf 87' lang='lat' dir='ltr'><strong>pertineat</strong></span> 
     </span>
     <span class='ocr_line' id='line_1_11' title="bbox 97 1411 1145 1498; baseline -0.013 -12"><span class='ocrx_word' id='word_1_88' title='bbox 97 1427 140 1486; x_wconf 85' lang='lat' dir='ltr'><strong>ad</strong></span> <span class='ocrx_word' id='word_1_89' title='bbox 171 1424 247 1483; x_wconf 86' lang='lat' dir='ltr'><strong>hanc</strong></span> <span class='ocrx_word' id='word_1_90' title='bbox 272 1421 450 1498; x_wconf 74' lang='lat' dir='ltr'><strong>singularem</strong></span> <span class='ocrx_word' id='word_1_91' title='bbox 476 1440 557 1487; x_wconf 79' lang='lat' dir='ltr'><strong>rem,</strong></span> <span class='ocrx_word' id='word_1_92' title='bbox 585 1419 632 1475; x_wconf 91' lang='lat' dir='ltr'><strong>cui</strong></span> <span class='ocrx_word' id='word_1_93' title='bbox 658 1414 803 1489; x_wconf 82' lang='lat' dir='ltr'><strong>deinceps.</strong></span> <span class='ocrx_word' id='word_1_94' title='bbox 822 1411 909 1489; x_wconf 75' lang='lat' dir='ltr'><strong>poeta</strong></span> <span class='ocrx_word' id='word_1_95' title='bbox 935 1413 1033 1473; x_wconf 88' lang='lat' dir='ltr'><strong>adiicit</strong></span> <span class='ocrx_word' id='word_1_96' title='bbox 1057 1418 1145 1473; x_wconf 89' lang='lat' dir='ltr'><strong>etiam</strong></span> 
     </span>
     <span class='ocr_line' id='line_1_12' title="bbox 97 1490 1145 1584; baseline -0.011 -15"><span class='ocrx_word' id='word_1_97' title='bbox 97 1512 176 1570; x_wconf 80' lang='lat' dir='ltr'><strong>aliae</strong></span> <span class='ocrx_word' id='word_1_98' title='bbox 197 1530 253 1584; x_wconf 78' lang='lat' dir='ltr'><strong>rec,</strong></span> <span class='ocrx_word' id='word_1_99' title='bbox 274 1507 369 1567; x_wconf 79' lang='lat' dir='ltr'><strong>velntc</strong></span> <span class='ocrx_word' id='word_1_100' title='bbox 391 1497 528 1565; x_wconf 78' lang='grc' dir='ltr'><strong><em>Σούνιον</em></strong></span> <span class='ocrx_word' id='word_1_101' title='bbox 540 1492 644 1583; x_wconf 75' lang='grc' dir='ltr'><strong><em>λλκρον</em></strong></span> <span class='ocrx_word' id='word_1_102' title='bbox 654 1490 824 1583; x_wconf 72' lang='grc' dir='ltr'><strong><em>Ἀθηνέων</em></strong></span> <span class='ocrx_word' id='word_1_103' title='bbox 841 1490 972 1571; x_wconf 80' lang='grc' dir='ltr'><strong><em>καὶτὰς</em></strong></span> <span class='ocrx_word' id='word_1_104' title='bbox 989 1494 1069 1582; x_wconf 79' lang='grc' dir='ltr'><strong><em>δρῦς</em></strong></span> <span class='ocrx_word' id='word_1_105' title='bbox 1083 1493 1145 1572; x_wconf 83' lang='grc' dir='ltr'><strong>τὰς</strong></span> 
     </span>
     <span class='ocr_line' id='line_1_13' title="bbox 97 1580 1144 1673; baseline -0.011 -23"><span class='ocrx_word' id='word_1_106' title='bbox 97 1586 265 1673; x_wconf 73' lang='grc' dir='ltr'><strong><em>μεγάλας,</em></strong></span> <span class='ocrx_word' id='word_1_107' title='bbox 295 1609 370 1665; x_wconf 85' lang='lat' dir='ltr'><strong>quae</strong></span> <span class='ocrx_word' id='word_1_108' title='bbox 390 1587 514 1661; x_wconf 89' lang='lat' dir='ltr'><strong>proinde</strong></span> <span class='ocrx_word' id='word_1_109' title='bbox 535 1583 636 1643; x_wconf 88' lang='lat' dir='ltr'><strong>eodem</strong></span> <span class='ocrx_word' id='word_1_110' title='bbox 658 1583 720 1641; x_wconf 91' lang='lat' dir='ltr'><strong>loco</strong></span> <span class='ocrx_word' id='word_1_111' title='bbox 742 1602 804 1642; x_wconf 82' lang='lat' dir='ltr'><strong>essa</strong></span> <span class='ocrx_word' id='word_1_112' title='bbox 826 1580 1051 1641; x_wconf 86' lang='lat' dir='ltr'><strong>existumandae</strong></span> <span class='ocrx_word' id='word_1_113' title='bbox 1068 1590 1144 1640; x_wconf 86' lang='lat' dir='ltr'><strong>eunt.</strong></span> 
     </span>
     <span class='ocr_line' id='line_1_14' title="bbox 99 1666 1147 1742; baseline -0.011 -6"><span class='ocrx_word' id='word_1_114' title='bbox 99 1676 216 1737; x_wconf 82' lang='lat' dir='ltr'><strong>Eadem</strong></span> <span class='ocrx_word' id='word_1_115' title='bbox 237 1696 307 1734; x_wconf 76' lang='lat' dir='ltr'><strong>vero</strong></span> <span class='ocrx_word' id='word_1_116' title='bbox 328 1676 415 1731; x_wconf 86' lang='lat' dir='ltr'><strong>etiam</strong></span> <span class='ocrx_word' id='word_1_117' title='bbox 437 1680 479 1729; x_wconf 87' lang='lat' dir='ltr'><strong>est</strong></span> <span class='ocrx_word' id='word_1_118' title='bbox 496 1668 600 1727; x_wconf 83' lang='lat' dir='ltr'><strong>harum</strong></span> <span class='ocrx_word' id='word_1_119' title='bbox 620 1666 830 1741; x_wconf 90' lang='lat' dir='ltr'><strong>particularum</strong></span> <span class='ocrx_word' id='word_1_120' title='bbox 847 1668 901 1741; x_wconf 81' lang='lat' dir='ltr'><strong>vis,</strong></span> <span class='ocrx_word' id='word_1_121' title='bbox 923 1668 947 1723; x_wconf 85' lang='lat' dir='ltr'><strong>si</strong></span> <span class='ocrx_word' id='word_1_122' title='bbox 963 1667 1054 1742; x_wconf 78' lang='lat' dir='ltr'><strong>magia</strong></span> <span class='ocrx_word' id='word_1_123' title='bbox 1068 1668 1147 1724; x_wconf 89' lang='lat' dir='ltr'><strong>inter</strong></span> 
     </span>
     <span class='ocr_line' id='line_1_15' title="bbox 99 1748 1176 1828; baseline -0.009 -8"><span class='ocrx_word' id='word_1_124' title='bbox 99 1782 136 1820; x_wconf 82' lang='lat' dir='ltr'><strong>se</strong></span> <span class='ocrx_word' id='word_1_125' title='bbox 158 1762 335 1819; x_wconf 67' lang='lat' dir='ltr'><strong>consociatae</strong></span> <span class='ocrx_word' id='word_1_126' title='bbox 353 1775 418 1815; x_wconf 75' lang='lat' dir='ltr'><strong>ease</strong></span> <span class='ocrx_word' id='word_1_127' title='bbox 438 1753 583 1826; x_wconf 83' lang='lat' dir='ltr'><strong>ridentur,</strong></span> <span class='ocrx_word' id='word_1_128' title='bbox 605 1761 636 1809; x_wconf 90' lang='lat' dir='ltr'><strong>ut</strong></span> <span class='ocrx_word' id='word_1_129' title='bbox 659 1750 736 1825; x_wconf 91' lang='lat' dir='ltr'><strong>apud</strong></span> <span class='ocrx_word' id='word_1_130' title='bbox 751 1748 923 1824; x_wconf 80' lang='lat' dir='ltr'><strong>Euripidem</strong></span> <span class='ocrx_word' id='word_1_131' title='bbox 941 1751 973 1807; x_wconf 90' lang='lat' dir='ltr'><strong>in</strong></span> <span class='ocrx_word' id='word_1_132' title='bbox 987 1751 1145 1828; x_wconf 76' lang='lat' dir='ltr'><strong>lphipeuiu,</strong></span> <span class='ocrx_word' id='word_1_133' title='bbox 1169 1799 1176 1810; x_wconf 85' lang='grc'><em>,</em></span> 
     </span>
     <span class='ocr_line' id='line_1_16' title="bbox 101 1832 862 1923; baseline -0.018 -17"><span class='ocrx_word' id='word_1_134' title='bbox 101 1864 177 1923; x_wconf 75' lang='lat' dir='ltr'><strong>quae</strong></span> <span class='ocrx_word' id='word_1_135' title='bbox 195 1854 237 1903; x_wconf 78' lang='lat' dir='ltr'><strong>eet</strong></span> <span class='ocrx_word' id='word_1_136' title='bbox 257 1841 362 1900; x_wconf 79' lang='lat' dir='ltr'><strong>Aulide</strong></span> <span class='ocrx_word' id='word_1_137' title='bbox 384 1859 413 1899; x_wconf 80' lang='lat' dir='ltr'><strong>r.</strong></span> <span class='ocrx_word' id='word_1_138' title='bbox 438 1844 516 1896; x_wconf 88' lang='lat'>1011</span> <span class='ocrx_word' id='word_1_139' title='bbox 540 1858 617 1921; x_wconf 63' lang='lat' dir='ltr'><strong>sqq„</strong></span> <span class='ocrx_word' id='word_1_140' title='bbox 637 1836 688 1893; x_wconf 86' lang='lat' dir='ltr'><strong>ubi</strong></span> <span class='ocrx_word' id='word_1_141' title='bbox 708 1832 862 1894; x_wconf 83' lang='lat' dir='ltr'><strong>Achilles:</strong></span> 
     </span>
    </p>
   </div>
   <div class='ocr_carea' id='block_1_5' title="bbox 101 1956 950 2564">
    <p class='ocr_par' dir='ltr' id='par_1_5' title="bbox 101 1956 947 2181">
     <span class='ocr_line' id='line_1_17' title="bbox 306 1956 947 2060; baseline -0.003 -35"><span class='ocrx_word' id='word_1_142' title='bbox 306 1975 460 2060; x_wconf 69' lang='grc' dir='ltr'><strong><em>Πείίσμεν</em></strong></span> <span class='ocrx_word' id='word_1_143' title='bbox 477 1956 558 2027; x_wconf 70' lang='grc' dir='ltr'><strong><em>αὖθις</em></strong></span> <span class='ocrx_word' id='word_1_144' title='bbox 573 1969 679 2041; x_wconf 73' lang='grc' dir='ltr'><strong><em>πατέρα</em></strong></span> <span class='ocrx_word' id='word_1_145' title='bbox 696 1968 804 2035; x_wconf 78' lang='grc' dir='ltr'><strong><em>βέλτιον</em></strong></span> <span class='ocrx_word' id='word_1_146' title='bbox 821 1968 947 2045; x_wconf 61' lang='grc' dir='ltr'><strong>φρονεῖν·1</strong></span> 
     </span>
     <span class='ocr_line' id='line_1_18' title="bbox 101 2090 613 2181; baseline -0.018 -24"><span class='ocrx_word' id='word_1_147' title='bbox 101 2094 163 2157; x_wconf 71' lang='lat' dir='ltr'><strong>(lui</strong></span> <span class='ocrx_word' id='word_1_148' title='bbox 181 2094 340 2181; x_wconf 78' lang='lat' dir='ltr'><strong>respondet</strong></span> <span class='ocrx_word' id='word_1_149' title='bbox 364 2090 613 2169; x_wconf 72' lang='lat' dir='ltr'><strong>Clytaemestrae</strong></span> 
     </span>
    </p>

    <p class='ocr_par' dir='ltr' id='par_1_6' title="bbox 106 2210 940 2432">
     <span class='ocr_line' id='line_1_19' title="bbox 314 2210 940 2289; baseline -0.01 -12"><span class='ocrx_word' id='word_1_150' title='bbox 314 2220 407 2284; x_wconf 85' lang='grc' dir='ltr'><strong><em>Κακὸς</em></strong></span> <span class='ocrx_word' id='word_1_151' title='bbox 423 2226 464 2283; x_wconf 77' lang='grc' dir='ltr'><strong>τίς</strong></span> <span class='ocrx_word' id='word_1_152' title='bbox 480 2220 537 2276; x_wconf 71' lang='grc' dir='ltr'><strong><em>ἐστι</em></strong></span> <span class='ocrx_word' id='word_1_153' title='bbox 555 2221 603 2283; x_wconf 72' lang='grc' dir='ltr'><strong>καὶ</strong></span> <span class='ocrx_word' id='word_1_154' title='bbox 619 2220 684 2281; x_wconf 85' lang='grc' dir='ltr'><strong><em>λίαν</em></strong></span> <span class='ocrx_word' id='word_1_155' title='bbox 703 2220 801 2289; x_wconf 79' lang='grc' dir='ltr'><strong><em>ταρβεῖ</em></strong></span> <span class='ocrx_word' id='word_1_156' title='bbox 816 2210 940 2288; x_wconf 72' lang='grc' dir='ltr'><strong><em>σιραιὸνι</em></strong></span> 
     </span>
     <span class='ocr_line' id='line_1_20' title="bbox 106 2345 488 2432; baseline -0.021 -21"><span class='ocrx_word' id='word_1_157' title='bbox 106 2349 207 2432; x_wconf 74' lang='lat' dir='ltr'><strong>Quam</strong></span> <span class='ocrx_word' id='word_1_158' title='bbox 226 2351 267 2409; x_wconf 82' lang='lat' dir='ltr'><strong>aic</strong></span> <span class='ocrx_word' id='word_1_159' title='bbox 287 2347 399 2422; x_wconf 87' lang='lat' dir='ltr'><strong>excipit</strong></span> <span class='ocrx_word' id='word_1_160' title='bbox 419 2345 488 2405; x_wconf 80' lang='lat' dir='ltr'><strong>ille:</strong></span> 
     </span>
    </p>

    <p class='ocr_par' dir='ltr' id='par_1_7' title="bbox 300 2460 950 2564">
     <span class='ocr_line' id='line_1_21' title="bbox 300 2460 950 2564; baseline -0.023 -32"><span class='ocrx_word' id='word_1_161' title='bbox 300 2474 370 2564; x_wconf 50' lang='grc' dir='ltr'><strong><em>Ἀλλ’</em></strong></span> <span class='ocrx_word' id='word_1_162' title='bbox 393 2478 420 2532; x_wconf 81' lang='lat' dir='ltr'><strong>ol</strong></span> <span class='ocrx_word' id='word_1_163' title='bbox 435 2468 513 2545; x_wconf 80' lang='grc' dir='ltr'><strong><em>λόγοι</em></strong></span> <span class='ocrx_word' id='word_1_164' title='bbox 530 2490 563 2542; x_wconf 79' lang='grc' dir='ltr'><strong>γε</strong></span> <span class='ocrx_word' id='word_1_165' title='bbox 580 2472 817 2525; x_wconf 66' lang='grc' dir='ltr'><strong><em>καταπαλαίουσιν</em></strong></span> <span class='ocrx_word' id='word_1_166' title='bbox 833 2460 950 2535; x_wconf 60' lang='grc' dir='ltr'><strong><em>λόγιοι,</em></strong></span> 
     </span>
    </p>
   </div>
   <div class='ocr_carea' id='block_1_6' title="bbox 106 2586 1230 2761">
    <p class='ocr_par' dir='ltr' id='par_1_8' title="bbox 106 2586 1230 2761">
     <span class='ocr_line' id='line_1_22' title="bbox 106 2586 1151 2680; baseline -0.015 -18"><span class='ocrx_word' id='word_1_167' title='bbox 106 2603 215 2680; x_wconf 74' lang='lat' dir='ltr'><strong>quibua</strong></span> <span class='ocrx_word' id='word_1_168' title='bbox 241 2602 341 2662; x_wconf 79' lang='lat' dir='ltr'><strong>verbio</strong></span> <span class='ocrx_word' id='word_1_169' title='bbox 363 2598 418 2659; x_wconf 87' lang='lat' dir='ltr'><strong>lroo</strong></span> <span class='ocrx_word' id='word_1_170' title='bbox 445 2597 635 2672; x_wconf 79' lang='lat' dir='ltr'><strong>exprimiturr</strong></span> <span class='ocrx_word' id='word_1_171' title='bbox 669 2590 719 2652; x_wconf 83' lang='lat' dir='ltr'><strong>At</strong></span> <span class='ocrx_word' id='word_1_172' title='bbox 745 2599 885 2666; x_wconf 85' lang='lat' dir='ltr'><strong>tamen,</strong></span> <span class='ocrx_word' id='word_1_173' title='bbox 911 2590 998 2647; x_wconf 84' lang='lat' dir='ltr'><strong>etiam</strong></span> <span class='ocrx_word' id='word_1_174' title='bbox 1025 2589 1050 2647; x_wconf 86' lang='lat' dir='ltr'><strong>si</strong></span> <span class='ocrx_word' id='word_1_175' title='bbox 1075 2586 1151 2647; x_wconf 86' lang='lat' dir='ltr'><strong>illud</strong></span> 
     </span>
     <span class='ocr_line' id='line_1_23' title="bbox 107 2667 1230 2761; baseline -0.012 -15"><span class='ocrx_word' id='word_1_176' title='bbox 107 2708 213 2747; x_wconf 79' lang='lat' dir='ltr'><strong>verum</strong></span> <span class='ocrx_word' id='word_1_177' title='bbox 239 2696 298 2761; x_wconf 85' lang='lat' dir='ltr'><strong>est,</strong></span> <span class='ocrx_word' id='word_1_178' title='bbox 329 2684 408 2759; x_wconf 86' lang='lat' dir='ltr'><strong>quod</strong></span> <span class='ocrx_word' id='word_1_179' title='bbox 436 2682 524 2741; x_wconf 83' lang='lat' dir='ltr'><strong>dicis:</strong></span> <span class='ocrx_word' id='word_1_180' title='bbox 559 2669 674 2751; x_wconf 84' lang='grc' dir='ltr'><strong><em>Κακός</em></strong></span> <span class='ocrx_word' id='word_1_181' title='bbox 699 2670 750 2750; x_wconf 81' lang='grc' dir='ltr'><strong>τίς</strong></span> <span class='ocrx_word' id='word_1_182' title='bbox 772 2671 842 2737; x_wconf 79' lang='grc' dir='ltr'><strong><em>ἐστι</em></strong></span> <span class='ocrx_word' id='word_1_183' title='bbox 863 2667 919 2735; x_wconf 79' lang='grc' dir='ltr'><strong>καὶ</strong></span> <span class='ocrx_word' id='word_1_184' title='bbox 940 2668 1013 2736; x_wconf 86' lang='grc' dir='ltr'><strong><em>λίαν</em></strong></span> <span class='ocrx_word' id='word_1_185' title='bbox 1033 2671 1151 2755; x_wconf 75' lang='grc' dir='ltr'><strong><em>ταρβεῖ</em></strong></span> <span class='ocrx_word' id='word_1_186' title='bbox 1225 2672 1230 2679; x_wconf 89' lang='grc'><strong>’</strong></span> 
     </span>
    </p>
   </div>
   <div class='ocr_carea' id='block_1_7' title="bbox 109 2756 1257 2853">
    <p class='ocr_par' dir='ltr' id='par_1_9' title="bbox 109 2756 1257 2853">
     <span class='ocr_line' id='line_1_24' title="bbox 109 2756 1257 2853; baseline -0.021 -19"><span class='ocrx_word' id='word_1_187' title='bbox 109 2761 269 2853; x_wconf 78' lang='grc' dir='ltr'><strong><em>στρατόν,</em></strong></span> <span class='ocrx_word' id='word_1_188' title='bbox 297 2771 465 2827; x_wconf 84' lang='lat' dir='ltr'><strong>rationes</strong></span> <span class='ocrx_word' id='word_1_189' title='bbox 492 2761 723 2837; x_wconf 74' lang='lat' dir='ltr'><strong>(orationes)</strong></span> <span class='ocrx_word' id='word_1_190' title='bbox 752 2766 871 2831; x_wconf 84' lang='lat' dir='ltr'><strong>certe,</strong></span> <span class='ocrx_word' id='word_1_191' title='bbox 899 2756 1045 2816; x_wconf 75' lang='lat' dir='ltr'><strong>etsintiic</strong></span> <span class='ocrx_word' id='word_1_192' title='bbox 1063 2757 1150 2814; x_wconf 86' lang='lat' dir='ltr'><strong>rebne</strong></span> <span class='ocrx_word' id='word_1_193' title='bbox 1253 2792 1257 2803; x_wconf 76' lang='lat'><strong>·</strong></span> 
     </span>
    </p>
   </div>
   <div class='ocr_carea' id='block_1_8' title="bbox 106 2842 1152 3179">
    <p class='ocr_par' dir='ltr' id='par_1_10' title="bbox 106 2842 1152 3179">
     <span class='ocr_line' id='line_1_25' title="bbox 109 2842 1150 2925; baseline -0.014 -13"><span class='ocrx_word' id='word_1_194' title='bbox 109 2874 174 2912; x_wconf 89' lang='lat' dir='ltr'><strong>nou</strong></span> <span class='ocrx_word' id='word_1_195' title='bbox 198 2854 286 2912; x_wconf 86' lang='lat' dir='ltr'><strong>lacile</strong></span> <span class='ocrx_word' id='word_1_196' title='bbox 314 2848 484 2925; x_wconf 77' lang='lat' dir='ltr'><strong>corrigetur,</strong></span> <span class='ocrx_word' id='word_1_197' title='bbox 512 2847 751 2905; x_wconf 81' lang='lat' dir='ltr'><strong>convincunt</strong></span> <span class='ocrx_word' id='word_1_198' title='bbox 776 2844 956 2900; x_wconf 84' lang='lat' dir='ltr'><strong>rationes</strong></span> <span class='ocrx_word' id='word_1_199' title='bbox 985 2842 1150 2914; x_wconf 83' lang='lat' dir='ltr'><strong>(oratio-</strong></span> 
     </span>
     <span class='ocr_line' id='line_1_26' title="bbox 109 2914 1151 3009; baseline -0.014 -13"><span class='ocrx_word' id='word_1_200' title='bbox 109 2939 209 3009; x_wconf 79' lang='lat' dir='ltr'><strong>nes).</strong></span> <span class='ocrx_word' id='word_1_201' title='bbox 257 2934 335 2995; x_wconf 86' lang='lat' dir='ltr'><strong>Hinc</strong></span> <span class='ocrx_word' id='word_1_202' title='bbox 359 2935 468 2993; x_wconf 86' lang='lat' dir='ltr'><strong>factum</strong></span> <span class='ocrx_word' id='word_1_203' title='bbox 496 2940 555 3005; x_wconf 82' lang='lat' dir='ltr'><strong>est,</strong></span> <span class='ocrx_word' id='word_1_204' title='bbox 586 2938 618 2987; x_wconf 88' lang='lat' dir='ltr'><strong>ut</strong></span> <span class='ocrx_word' id='word_1_205' title='bbox 643 2926 802 3001; x_wconf 77' lang='lat' dir='ltr'><strong>particulae</strong></span> <span class='ocrx_word' id='word_1_206' title='bbox 831 2914 917 2986; x_wconf 73' lang='grc' dir='ltr'><strong><em>ἀλλὰ</em></strong></span> <span class='ocrx_word' id='word_1_207' title='bbox 939 2954 977 2975; x_wconf 55' lang='grc' dir='ltr'><strong>κ·</strong></span> <span class='ocrx_word' id='word_1_208' title='bbox 1000 2918 1036 3003; x_wconf 77' lang='grc' dir='ltr'><strong>γὲ</strong></span> <span class='ocrx_word' id='word_1_209' title='bbox 1061 2942 1151 2981; x_wconf 85' lang='lat' dir='ltr'><strong>unam</strong></span> 
     </span>
     <span class='ocr_line' id='line_1_27' title="bbox 106 3006 1152 3093; baseline -0.022 -11"><span class='ocrx_word' id='word_1_210' title='bbox 106 3024 175 3082; x_wconf 80' lang='lat' dir='ltr'><strong>sere</strong></span> <span class='ocrx_word' id='word_1_211' title='bbox 202 3023 366 3093; x_wconf 87' lang='lat' dir='ltr'><strong>notionem,</strong></span> <span class='ocrx_word' id='word_1_212' title='bbox 396 3018 583 3089; x_wconf 82' lang='lat' dir='ltr'><strong>compositam</strong></span> <span class='ocrx_word' id='word_1_213' title='bbox 610 3012 692 3070; x_wconf 87' lang='lat' dir='ltr'><strong>illam</strong></span> <span class='ocrx_word' id='word_1_214' title='bbox 720 3008 837 3081; x_wconf 89' lang='lat' dir='ltr'><strong>quidem</strong></span> <span class='ocrx_word' id='word_1_215' title='bbox 866 3028 905 3065; x_wconf 88' lang='lat' dir='ltr'><strong>ex</strong></span> <span class='ocrx_word' id='word_1_216' title='bbox 930 3006 1039 3065; x_wconf 76' lang='lat' dir='ltr'><strong>duabus</strong></span> <span class='ocrx_word' id='word_1_217' title='bbox 1061 3007 1152 3081; x_wconf 73' lang='lat' dir='ltr'><strong>sigui.</strong></span> 
     </span>
     <span class='ocr_line' id='line_1_28' title="bbox 107 3088 1152 3179; baseline -0.017 -14"><span class='ocrx_word' id='word_1_218' title='bbox 107 3106 306 3179; x_wconf 74' lang='lat' dir='ltr'><strong>dictationibus,</strong></span> <span class='ocrx_word' id='word_1_219' title='bbox 329 3096 675 3176; x_wconf 76' lang='lat' dir='ltr'><strong>exprimererideoutur,</strong></span> <span class='ocrx_word' id='word_1_220' title='bbox 691 3111 826 3165; x_wconf 72' lang='lat' dir='ltr'><strong>quaecum</strong></span> <span class='ocrx_word' id='word_1_221' title='bbox 839 3090 939 3165; x_wconf 85' lang='lat' dir='ltr'><strong>aliqua</strong></span> <span class='ocrx_word' id='word_1_222' title='bbox 951 3088 1152 3147; x_wconf 87' lang='lat' dir='ltr'><strong>adfirmatione</strong></span> 
     </span>
    </p>
   </div>
   <div class='ocr_carea' id='block_1_9' title="bbox 108 3168 1154 3347">
    <p class='ocr_par' dir='ltr' id='par_1_11' title="bbox 108 3168 1154 3347">
     <span class='ocr_line' id='line_1_29' title="bbox 108 3168 1154 3262; baseline -0.018 -14"><span class='ocrx_word' id='word_1_223' title='bbox 108 3190 160 3249; x_wconf 76' lang='lat' dir='ltr'><strong>vel</strong></span> <span class='ocrx_word' id='word_1_224' title='bbox 185 3190 284 3262; x_wconf 77' lang='lat' dir='ltr'><strong>potius</strong></span> <span class='ocrx_word' id='word_1_225' title='bbox 312 3188 486 3260; x_wconf 84' lang='lat' dir='ltr'><strong>exceptione</strong></span> <span class='ocrx_word' id='word_1_226' title='bbox 507 3178 620 3254; x_wconf 87' lang='lat' dir='ltr'><strong>aliquid</strong></span> <span class='ocrx_word' id='word_1_227' title='bbox 644 3182 807 3249; x_wconf 87' lang='lat' dir='ltr'><strong>opponatur</strong></span> <span class='ocrx_word' id='word_1_228' title='bbox 829 3172 1071 3231; x_wconf 84' lang='lat' dir='ltr'><strong>antecedentibus.</strong></span> <span class='ocrx_word' id='word_1_229' title='bbox 1091 3192 1096 3197; x_wconf 88' lang='lat'>·</span> <span class='ocrx_word' id='word_1_230' title='bbox 1113 3168 1154 3231; x_wconf 82' lang='lat' dir='ltr'><strong>Et</strong></span> 
     </span>
     <span class='ocr_line' id='line_1_30' title="bbox 110 3253 1154 3347; baseline -0.023 -14"><span class='ocrx_word' id='word_1_231' title='bbox 110 3276 154 3333; x_wconf 85' lang='lat' dir='ltr'><strong>ita</strong></span> <span class='ocrx_word' id='word_1_232' title='bbox 173 3274 281 3347; x_wconf 76' lang='lat' dir='ltr'><strong>evenit,</strong></span> <span class='ocrx_word' id='word_1_233' title='bbox 301 3272 386 3328; x_wconf 89' lang='lat' dir='ltr'><strong>utin</strong></span> <span class='ocrx_word' id='word_1_234' title='bbox 406 3272 468 3327; x_wconf 80' lang='lat' dir='ltr'><strong>vita</strong></span> <span class='ocrx_word' id='word_1_235' title='bbox 489 3263 634 3325; x_wconf 88' lang='lat' dir='ltr'><strong>communi</strong></span> <span class='ocrx_word' id='word_1_236' title='bbox 658 3268 707 3318; x_wconf 89' lang='lat' dir='ltr'><strong>aut</strong></span> <span class='ocrx_word' id='word_1_237' title='bbox 729 3265 807 3317; x_wconf 89' lang='lat' dir='ltr'><strong>certe</strong></span> <span class='ocrx_word' id='word_1_238' title='bbox 828 3256 936 3314; x_wconf 88' lang='lat' dir='ltr'><strong>labenti</strong></span> <span class='ocrx_word' id='word_1_239' title='bbox 959 3253 1071 3313; x_wconf 85' lang='lat' dir='ltr'><strong>Graeco</strong></span> <span class='ocrx_word' id='word_1_240' title='bbox 1093 3272 1154 3313; x_wconf 62' lang='lat' dir='ltr'><strong>serr·</strong></span> 
     </span>
    </p>
   </div>
   <div class='ocr_carea' id='block_1_10' title="bbox 104 3334 1222 4101">
    <p class='ocr_par' dir='ltr' id='par_1_12' title="bbox 110 3334 1155 3421">
     <span class='ocr_line' id='line_1_31' title="bbox 110 3334 1155 3421; baseline -0.021 -4"><span class='ocrx_word' id='word_1_241' title='bbox 110 3376 199 3417; x_wconf 85' lang='lat' dir='ltr'><strong>mone</strong></span> <span class='ocrx_word' id='word_1_242' title='bbox 219 3358 309 3416; x_wconf 86' lang='lat' dir='ltr'><strong>etiam</strong></span> <span class='ocrx_word' id='word_1_243' title='bbox 330 3354 498 3412; x_wconf 88' lang='lat' dir='ltr'><strong>coniunctae</strong></span> <span class='ocrx_word' id='word_1_244' title='bbox 518 3353 729 3421; x_wconf 81' lang='lat' dir='ltr'><strong>usurparentur</strong></span> <span class='ocrx_word' id='word_1_245' title='bbox 749 3360 802 3399; x_wconf 91' lang='lat' dir='ltr'><strong>eae</strong></span> <span class='ocrx_word' id='word_1_246' title='bbox 822 3339 989 3414; x_wconf 84' lang='lat' dir='ltr'><strong>particulae,</strong></span> <span class='ocrx_word' id='word_1_247' title='bbox 1011 3356 1097 3413; x_wconf 88' lang='lat' dir='ltr'><strong>quem</strong></span> <span class='ocrx_word' id='word_1_248' title='bbox 1117 3334 1155 3412; x_wconf 80' lang='lat' dir='ltr'><strong>ad</strong></span> 
     </span>
    </p>

    <p class='ocr_par' dir='ltr' id='par_1_13' title="bbox 104 3408 1222 4101">
     <span class='ocr_line' id='line_1_32' title="bbox 110 3408 1222 3510; baseline -0.022 -10"><span class='ocrx_word' id='word_1_249' title='bbox 110 3441 230 3499; x_wconf 88' lang='lat' dir='ltr'><strong>modum</strong></span> <span class='ocrx_word' id='word_1_250' title='bbox 260 3442 293 3499; x_wconf 87' lang='lat' dir='ltr'><strong>iu</strong></span> <span class='ocrx_word' id='word_1_251' title='bbox 328 3437 479 3510; x_wconf 80' lang='lat' dir='ltr'><strong>evaugelio</strong></span> <span class='ocrx_word' id='word_1_252' title='bbox 507 3431 608 3491; x_wconf 90' lang='lat' dir='ltr'><strong>Lucae</strong></span> <span class='ocrx_word' id='word_1_253' title='bbox 640 3450 703 3502; x_wconf 90' lang='lat' dir='ltr'><strong>cap.</strong></span> <span class='ocrx_word' id='word_1_254' title='bbox 729 3420 856 3485; x_wconf 75' lang='lat' dir='ltr'><strong>XXIV.</strong></span> <span class='ocrx_word' id='word_1_255' title='bbox 889 3444 918 3481; x_wconf 77' lang='lat' dir='ltr'><strong>v·</strong></span> <span class='ocrx_word' id='word_1_256' title='bbox 947 3430 998 3481; x_wconf 84' lang='lat'><strong>21.</strong></span> <span class='ocrx_word' id='word_1_257' title='bbox 1031 3421 1153 3497; x_wconf 74' lang='lat' dir='ltr'><strong>legiturr</strong></span> <span class='ocrx_word' id='word_1_258' title='bbox 1219 3408 1222 3415; x_wconf 51' lang='lat'><strong>⁴</strong></span> 
     </span>
     <span class='ocr_line' id='line_1_33' title="bbox 104 3499 1156 3606; baseline -0.019 -21"><span class='ocrx_word' id='word_1_259' title='bbox 104 3518 224 3601; x_wconf 81' lang='grc' dir='ltr'><em>Ἡμεῖς</em></span> <span class='ocrx_word' id='word_1_260' title='bbox 245 3519 283 3586; x_wconf 79' lang='grc' dir='ltr'><strong>δὲ</strong></span> <span class='ocrx_word' id='word_1_261' title='bbox 305 3512 498 3606; x_wconf 75' lang='grc' dir='ltr'><strong><em>ἠλπίζομεν,</em></strong></span> <span class='ocrx_word' id='word_1_262' title='bbox 521 3512 574 3579; x_wconf 79' lang='grc' dir='ltr'><strong><em>ὅτι</em></strong></span> <span class='ocrx_word' id='word_1_263' title='bbox 596 3504 697 3586; x_wconf 64' lang='lat' dir='ltr'><strong>odedu</strong></span> <span class='ocrx_word' id='word_1_264' title='bbox 719 3506 807 3574; x_wconf 79' lang='grc' dir='ltr'><strong><em>ἐστιν</em></strong></span> <span class='ocrx_word' id='word_1_265' title='bbox 828 3499 847 3571; x_wconf 87' lang='grc' dir='ltr'><em>ὃ</em></span> <span class='ocrx_word' id='word_1_266' title='bbox 868 3503 996 3584; x_wconf 82' lang='grc' dir='ltr'><strong><em>μέλλων</em></strong></span> <span class='ocrx_word' id='word_1_267' title='bbox 1018 3503 1156 3588; x_wconf 80' lang='grc' dir='ltr'><strong><em>λυτροῦ-</em></strong></span> 
     </span>
     <span class='ocr_line' id='line_1_34' title="bbox 110 3579 1157 3687; baseline -0.021 -16"><span class='ocrx_word' id='word_1_268' title='bbox 110 3609 198 3673; x_wconf 75' lang='grc' dir='ltr'><strong><em>σθαι</em></strong></span> <span class='ocrx_word' id='word_1_269' title='bbox 217 3599 276 3667; x_wconf 81' lang='grc' dir='ltr'><strong>τὸν</strong></span> <span class='ocrx_word' id='word_1_270' title='bbox 291 3596 443 3687; x_wconf 73' lang='grc' dir='ltr'><strong><em>Ἰσραήλ.</em></strong></span> <span class='ocrx_word' id='word_1_271' title='bbox 465 3592 551 3665; x_wconf 78' lang='grc' dir='ltr'><strong><em>ἄλλά</em></strong></span> <span class='ocrx_word' id='word_1_272' title='bbox 572 3618 609 3679; x_wconf 78' lang='grc' dir='ltr'><strong>γε</strong></span> <span class='ocrx_word' id='word_1_273' title='bbox 630 3592 688 3659; x_wconf 85' lang='grc' dir='ltr'><strong>σὺν</strong></span> <span class='ocrx_word' id='word_1_274' title='bbox 708 3592 793 3657; x_wconf 81' lang='grc' dir='ltr'><strong><em>πᾶσι</em></strong></span> <span class='ocrx_word' id='word_1_275' title='bbox 810 3584 941 3665; x_wconf 78' lang='grc' dir='ltr'><strong><em>τούτοις</em></strong></span> <span class='ocrx_word' id='word_1_276' title='bbox 952 3583 1064 3674; x_wconf 78' lang='grc' dir='ltr'><strong><em>τρίτην</em></strong></span> <span class='ocrx_word' id='word_1_277' title='bbox 1077 3579 1157 3650; x_wconf 82' lang='grc' dir='ltr'><strong><em>ταύ-</em></strong></span> 
     </span>
     <span class='ocr_line' id='line_1_35' title="bbox 113 3662 1158 3775; baseline -0.023 -23"><span class='ocrx_word' id='word_1_278' title='bbox 113 3712 172 3775; x_wconf 74' lang='grc' dir='ltr'><strong>την</strong></span> <span class='ocrx_word' id='word_1_279' title='bbox 199 3680 327 3774; x_wconf 80' lang='grc' dir='ltr'><strong><em>ἡμέραν</em></strong></span> <span class='ocrx_word' id='word_1_280' title='bbox 357 3676 431 3767; x_wconf 75' lang='lat' dir='ltr'><strong>dyec</strong></span> <span class='ocrx_word' id='word_1_281' title='bbox 452 3676 610 3768; x_wconf 75' lang='grc' dir='ltr'><strong><em>σήμερον,</em></strong></span> <span class='ocrx_word' id='word_1_282' title='bbox 633 3670 690 3763; x_wconf 76' lang='grc' dir='ltr'><strong>ἀφ’</strong></span> <span class='ocrx_word' id='word_1_283' title='bbox 716 3662 756 3740; x_wconf 79' lang='grc' dir='ltr'><strong>οὗ</strong></span> <span class='ocrx_word' id='word_1_284' title='bbox 776 3674 880 3738; x_wconf 81' lang='grc' dir='ltr'><strong><em>ταῦτα</em></strong></span> <span class='ocrx_word' id='word_1_285' title='bbox 902 3667 1056 3753; x_wconf 73' lang='grc' dir='ltr'><strong><em>ἐγένετο,</em></strong></span> <span class='ocrx_word' id='word_1_286' title='bbox 1079 3667 1158 3745; x_wconf 88' lang='lat' dir='ltr'><strong>quod</strong></span> 
     </span>
     <span class='ocr_line' id='line_1_36' title="bbox 110 3743 1158 3850; baseline -0.018 -17"><span class='ocrx_word' id='word_1_287' title='bbox 110 3795 174 3834; x_wconf 86' lang='lat' dir='ltr'><strong>nou</strong></span> <span class='ocrx_word' id='word_1_288' title='bbox 197 3774 293 3850; x_wconf 79' lang='lat' dir='ltr'><strong>magia</strong></span> <span class='ocrx_word' id='word_1_289' title='bbox 314 3770 400 3830; x_wconf 88' lang='lat' dir='ltr'><strong>debet</strong></span> <span class='ocrx_word' id='word_1_290' title='bbox 422 3768 580 3827; x_wconf 81' lang='lat' dir='ltr'><strong>offensioni</strong></span> <span class='ocrx_word' id='word_1_291' title='bbox 603 3760 697 3838; x_wconf 81' lang='lat' dir='ltr'><strong>esse,&#39;</strong></span> <span class='ocrx_word' id='word_1_292' title='bbox 710 3780 799 3835; x_wconf 85' lang='lat' dir='ltr'><strong>quam</strong></span> <span class='ocrx_word' id='word_1_293' title='bbox 820 3760 845 3817; x_wconf 83' lang='lat' dir='ltr'><strong>ei</strong></span> <span class='ocrx_word' id='word_1_294' title='bbox 869 3747 938 3820; x_wconf 73' lang='grc' dir='ltr'><strong><em>ἀλλ’</em></strong></span> <span class='ocrx_word' id='word_1_295' title='bbox 961 3744 1042 3840; x_wconf 74' lang='grc' dir='ltr'><strong><em>ι’ίρα,</em></strong></span> <span class='ocrx_word' id='word_1_296' title='bbox 1071 3743 1158 3815; x_wconf 77' lang='grc' dir='ltr'><strong><em>ἇλλολ</em></strong></span> 
     </span>
     <span class='ocr_line' id='line_1_37' title="bbox 111 3838 1208 3941; baseline -0.024 -22"><span class='ocrx_word' id='word_1_297' title='bbox 111 3853 177 3941; x_wconf 76' lang='grc' dir='ltr'><strong>γὰρ</strong></span> <span class='ocrx_word' id='word_1_298' title='bbox 201 3866 230 3916; x_wconf 85' lang='lat' dir='ltr'><strong>et</strong></span> <span class='ocrx_word' id='word_1_299' title='bbox 253 3856 363 3915; x_wconf 87' lang='lat' dir='ltr'><strong>similia</strong></span> <span class='ocrx_word' id='word_1_300' title='bbox 384 3856 537 3912; x_wconf 88' lang='lat' dir='ltr'><strong>coniuncta</strong></span> <span class='ocrx_word' id='word_1_301' title='bbox 557 3850 713 3923; x_wconf 80' lang='lat' dir='ltr'><strong>leguntur,</strong></span> <span class='ocrx_word' id='word_1_302' title='bbox 744 3844 848 3920; x_wconf 87' lang='lat' dir='ltr'><strong>quibus</strong></span> <span class='ocrx_word' id='word_1_303' title='bbox 868 3843 900 3900; x_wconf 86' lang='lat' dir='ltr'><strong>iu</strong></span> <span class='ocrx_word' id='word_1_304' title='bbox 921 3840 993 3899; x_wconf 84' lang='lat' dir='ltr'><strong>locia</strong></span> <span class='ocrx_word' id='word_1_305' title='bbox 1014 3838 1159 3912; x_wconf 87' lang='lat' dir='ltr'><strong>posterior</strong></span> <span class='ocrx_word' id='word_1_306' title='bbox 1207 3840 1208 3845; x_wconf 75' lang='grc'>’</span> 
     </span>
     <span class='ocr_line' id='line_1_38' title="bbox 112 3917 1159 4018; baseline -0.018 -18"><span class='ocrx_word' id='word_1_307' title='bbox 112 3942 255 4018; x_wconf 85' lang='lat' dir='ltr'><strong>particula</strong></span> <span class='ocrx_word' id='word_1_308' title='bbox 277 3960 329 4014; x_wconf 90' lang='lat' dir='ltr'><strong>eo,</strong></span> <span class='ocrx_word' id='word_1_309' title='bbox 353 3938 433 4012; x_wconf 84' lang='lat' dir='ltr'><strong>quod</strong></span> <span class='ocrx_word' id='word_1_310' title='bbox 455 3936 565 3994; x_wconf 87' lang='lat' dir='ltr'><strong>adiecta</strong></span> <span class='ocrx_word' id='word_1_311' title='bbox 584 3932 621 3992; x_wconf 86' lang='lat' dir='ltr'><strong>ad</strong></span> <span class='ocrx_word' id='word_1_312' title='bbox 643 3920 729 3992; x_wconf 72' lang='grc' dir='ltr'><strong><em>ἀλλὰ</em></strong></span> <span class='ocrx_word' id='word_1_313' title='bbox 751 3927 921 4003; x_wconf 84' lang='lat' dir='ltr'><strong>particulam</strong></span> <span class='ocrx_word' id='word_1_314' title='bbox 943 3933 1000 3998; x_wconf 83' lang='lat' dir='ltr'><strong>eat,</strong></span> <span class='ocrx_word' id='word_1_315' title='bbox 1020 3941 1083 3979; x_wconf 88' lang='lat' dir='ltr'><strong>cnm</strong></span> <span class='ocrx_word' id='word_1_316' title='bbox 1103 3917 1159 3982; x_wconf 84' lang='lat' dir='ltr'><strong>hac</strong></span> 
     </span>
     <span class='ocr_line' id='line_1_39' title="bbox 113 4002 1159 4101; baseline -0.023 -16"><span class='ocrx_word' id='word_1_317' title='bbox 113 4026 241 4101; x_wconf 85' lang='lat' dir='ltr'><strong>denique</strong></span> <span class='ocrx_word' id='word_1_318' title='bbox 262 4023 301 4085; x_wconf 79' lang='lat' dir='ltr'><strong>ad</strong></span> <span class='ocrx_word' id='word_1_319' title='bbox 319 4041 438 4082; x_wconf 90' lang='lat' dir='ltr'><strong>omnem</strong></span> <span class='ocrx_word' id='word_1_320' title='bbox 452 4018 689 4089; x_wconf 81' lang='lat' dir='ltr'><strong>enuntiationem,</strong></span> <span class='ocrx_word' id='word_1_321' title='bbox 711 4032 799 4089; x_wconf 86' lang='lat' dir='ltr'><strong>qnam</strong></span> <span class='ocrx_word' id='word_1_322' title='bbox 814 4012 925 4071; x_wconf 86' lang='lat' dir='ltr'><strong>inducit</strong></span> <span class='ocrx_word' id='word_1_323' title='bbox 938 4009 991 4074; x_wconf 83' lang='lat' dir='ltr'><strong>illa</strong></span> <span class='ocrx_word' id='word_1_324' title='bbox 1004 4002 1159 4082; x_wconf 85' lang='lat' dir='ltr'><strong>particula,</strong></span> 
     </span>
    </p>
   </div>
   <div class='ocr_carea' id='block_1_11' title="bbox 56 4106 485 4195">
    <p class='ocr_par' dir='ltr' id='par_1_14' title="bbox 56 4106 485 4195">
     <span class='ocr_line' id='line_1_40' title="bbox 56 4106 485 4195; baseline -0.026 -22"><span class='ocrx_word' id='word_1_325' title='bbox 56 4106 62 4113; x_wconf 89' lang='lat'>.</span> <span class='ocrx_word' id='word_1_326' title='bbox 111 4113 248 4195; x_wconf 73' lang='lat' dir='ltr'><strong>periinel.</strong></span> <span class='ocrx_word' id='word_1_327' title='bbox 479 4132 485 4162; x_wconf 86' lang='grc' dir='ltr'><strong><em>ι</em></strong></span> 
     </span>
    </p>
   </div>
   <div class='ocr_carea' id='block_1_12' title="bbox 109 4184 1160 4389">
    <p class='ocr_par' dir='ltr' id='par_1_15' title="bbox 109 4184 1160 4389">
     <span class='ocr_line' id='line_1_41' title="bbox 195 4184 1160 4292; baseline -0.024 -5"><span class='ocrx_word' id='word_1_328' title='bbox 195 4224 314 4292; x_wconf 83' lang='lat' dir='ltr'><strong>Eadem</strong></span> <span class='ocrx_word' id='word_1_329' title='bbox 345 4242 446 4285; x_wconf 79' lang='lat' dir='ltr'><strong>caussa</strong></span> <span class='ocrx_word' id='word_1_330' title='bbox 472 4225 517 4279; x_wconf 81' lang='lat' dir='ltr'><strong>est</strong></span> <span class='ocrx_word' id='word_1_331' title='bbox 534 4184 630 4277; x_wconf 55' lang='grc' dir='ltr'><strong><em>ὀίίοιιι</em></strong></span> <span class='ocrx_word' id='word_1_332' title='bbox 656 4210 862 4289; x_wconf 87' lang='lat' dir='ltr'><strong>particularum</strong></span> <span class='ocrx_word' id='word_1_333' title='bbox 885 4198 971 4271; x_wconf 79' lang='grc' dir='ltr'><strong><em>ἀλλὰ</em></strong></span> <span class='ocrx_word' id='word_1_334' title='bbox 994 4236 1032 4251; x_wconf 80' lang='lat'><strong>--</strong></span> <span class='ocrx_word' id='word_1_335' title='bbox 1055 4198 1105 4287; x_wconf 78' lang='grc' dir='ltr'><strong>γέ,</strong></span> <span class='ocrx_word' id='word_1_336' title='bbox 1134 4205 1160 4264; x_wconf 84' lang='lat' dir='ltr'><strong>al</strong></span> 
     </span>
     <span class='ocr_line' id='line_1_42' title="bbox 109 4276 1159 4389; baseline -0.023 -14"><span class='ocrx_word' id='word_1_337' title='bbox 109 4312 229 4389; x_wconf 76' lang='lat' dir='ltr'><strong>qnando</strong></span> <span class='ocrx_word' id='word_1_338' title='bbox 248 4313 284 4372; x_wconf 88' lang='lat' dir='ltr'><strong>in</strong></span> <span class='ocrx_word' id='word_1_339' title='bbox 306 4309 439 4383; x_wconf 90' lang='lat' dir='ltr'><strong>elliptieo</strong></span> <span class='ocrx_word' id='word_1_340' title='bbox 460 4300 617 4381; x_wconf 86' lang='lat' dir='ltr'><strong>particulae</strong></span> <span class='ocrx_word' id='word_1_341' title='bbox 639 4290 726 4363; x_wconf 75' lang='grc' dir='ltr'><strong><em>ἀλλὰ</em></strong></span> <span class='ocrx_word' id='word_1_342' title='bbox 746 4316 817 4373; x_wconf 85' lang='lat' dir='ltr'><strong>nau,</strong></span> <span class='ocrx_word' id='word_1_343' title='bbox 839 4292 890 4355; x_wconf 85' lang='lat' dir='ltr'><strong>ubi</strong></span> <span class='ocrx_word' id='word_1_344' title='bbox 912 4288 1052 4367; x_wconf 65' lang='lat' dir='ltr'><strong>proiecta</strong></span> <span class='ocrx_word' id='word_1_345' title='bbox 1073 4276 1159 4351; x_wconf 79' lang='grc' dir='ltr'><strong><em>ολλλολ</em></strong></span> 
     </span>
    </p>
   </div>
   <div class='ocr_carea' id='block_1_13' title="bbox 0 0 1456 4842">
    <p class='ocr_par' dir='ltr' id='par_1_16' title="bbox 0 0 1456 4842">
     <span class='ocr_line' id='line_1_43' title="bbox 0 0 1456 4842; baseline 0 0"><span class='ocrx_word' id='word_1_346' title='bbox 0 0 1456 4842; x_wconf 95' lang='lat' dir='ltr'><strong> </strong></span> 
     </span>
    </p>
   </div>
  </div>
 </body>
</html>
