2850 4842
317 507 383 579 278
526 512 532 525 '
630 504 1052 593 yd,ydroa,'yoiis.

319 676 354 747 is
382 678 455 752 τοῖς
479 676 594 761 χοροῖς
622 675 791 763 προῇδονς
840 677 929 758 Quod
957 678 984 738 ai
1013 679 1081 751 qnia
1104 680 1218 737 vatata
1254 680 1294 735 ttt
1322 680 1363 736 cai

319 763 430 841 quidem
457 761 491 821 do
519 782 563 821 cta
590 768 730 831 constitit,
762 766 820 823 αἱαὶ
842 762 967 839 (midaei,
998 767 1043 820 oti
1070 766 1102 820 in
1122 762 1217 819 risoria
1239 759 1289 833 fit,
1316 782 1363 837 epo

319 854 404 909 notato
429 842 557 921 praeivi?
585 846 610 904 is
641 845 761 919 quidem
781 848 876 920 ipsam
897 847 1070 905 sententiam
1092 854 1172 905 recte
1194 843 1363 919 reddiderit,

319 928 370 990 aad
392 939 488 987 tamen
510 948 571 987 rem
592 949 652 987 uon
677 924 869 1011 explicaverit
886 941 1027 988 accurate.
1071 926 1180 1003 Neque
1199 930 1276 987 euim
1294 950 1361 1003 pos·

320 1020 387 1073 aunt
407 1011 441 1070 hi
461 1012 516 1075 loci
541 1012 624 1071 aliter
648 1014 803 1089 explanari
824 1015 881 1073 nial
904 1015 956 1087 ita,
980 1023 1011 1072 nt
1030 1013 1167 1073 adsumas
1189 1014 1361 1095 cogitatione

320 1094 433 1168 aliquid
460 1098 558 1171 itaque
589 1116 735 1172 expcuaas
769 1104 823 1170 Et,
848 1107 880 1156 at
909 1098 1017 1173 reliquo
1048 1106 1099 1157 nat
1127 1117 1178 1166 aa,
1210 1096 1243 1153 da
1267 1096 1362 1172 paidos

319 1180 403 1239 alodo
426 1180 503 1249 dini,
526 1185 663 1251 oasittom,
685 1187 731 1240 coi
751 1182 861 1258 quidam
881 1182 914 1238 do
938 1200 982 1239 cta
1002 1177 1146 1240 coactitii?
1179 1176 1307 1257 ,Etenim
1326 1200 1361 1237 na

319 1260 374 1326 illo
403 1262 521 1337 quidem
550 1263 635 1323 mado
662 1264 822 1341 quidquam
849 1264 1002 1340 proficies,
1033 1266 1057 1323 ai
1078 1263 1178 1323 soleas
1199 1265 1259 1322 vim
1279 1266 1360 1321 inter·

319 1346 489 1422 rogationis
505 1354 534 1407 et
554 1346 629 1405 hanc
650 1352 824 1407 seutentiam
846 1368 954 1423 ponas:
986 1344 1054 1409 Καὶ
1075 1339 1187 1409 οὐδενί
1208 1367 1244 1426 ya
1267 1344 1359 1428 δῆλος

320 1418 376 1513 ἦν,
404 1424 440 1497 αἱ,
459 1422 506 1518 μή
528 1450 564 1512 ya
587 1425 701 1517 ὥσπερ
724 1428 758 1496 ἐν
778 1434 850 1507 τοῖς
869 1433 983 1513 χαραῖς
1004 1427 1174 1515 προῇδονς
1203 1438 1234 1489 at
1255 1440 1359 1488 verim:

320 1517 360 1574 Et
382 1519 487 1578 camini
506 1515 616 1597 quidem
641 1513 674 1574 de
694 1536 739 1575 osa
762 1521 886 1576 constitit
905 1524 956 1572 otc.
998 1511 1076 1573 Nam
1102 1515 1193 1572 etiam
1220 1516 1262 1572 sie
1281 1525 1308 1571 et
1326 1508 1359 1593 γὲ

321 1604 351 1655 at
375 1596 484 1673 quidem
511 1596 644 1674 indigent
667 1600 873 1675 explicatione.
917 1596 965 1656 Ac
986 1616 1085 1656 ruram
1110 1596 1293 1656 redeundum
1310 1597 1360 1654 erit

321 1678 360 1739 ad
391 1679 449 1739 tale
480 1680 599 1757 aliquod
631 1688 793 1745 sententiae
826 1683 1075 1758 supplementum:
1107 1684 1145 1740 nt
1180 1685 1218 1740 ot
1241 1686 1358 1741 ααιῑειαιιι

319 1782 407 1839 scapos
436 1769 528 1840 ipsunt
560 1766 687 1839 adfuisse
713 1788 801 1844 coquo
830 1786 925 1826 contat
954 1784 1135 1841 qumquam,
1168 1768 1218 1841 qui
1243 1764 1358 1837 adfuisse

321 1846 468 1917 dicontur,
496 1857 592 1907 ιισιιαι
615 1849 781 1926 prodactam
805 1869 878 1920 asae,
905 1853 1010 1907 centini
1033 1857 1106 1906 certa
1128 1846 1278 1925 (quidest)
1296 1866 1358 1905 coa·

320 1933 393 1989 stitit
416 1930 449 1992 da
469 1950 513 1991 ttta
532 1941 582 1991 etc.
625 1930 670 1992 lta
696 1954 729 1992 se
752 1936 908 1993 resalium
930 1935 963 1990 in
985 1932 1106 2006 reliquia
1124 1931 1199 1989 locis
1215 1930 1309 2004 habet,
1328 1932 1357 1987 iu

321 2014 427 2087 quilius
454 2011 491 2095 ys*
520 2015 557 2075 ad
583 2018 825 2094 interrogationes
853 2016 1021 2077 adiunctam
1041 2016 1167 2090 legitur,
1198 2014 1356 2089 quadarn

321 2105 352 2163 et
390 2117 479 2173 supra
519 2097 584 2161 data
619 2104 768 2160 occasione
809 2100 1023 2175 exquisivimus
1057 2101 1090 2157 in
1121 2098 1264 2177 particula
1295 2086 1355 2180 ἆρα

320 2200 351 2258 p.
374 2186 434 2244 192
458 2203 504 2257 aq.
529 2192 559 2242 et
582 2184 660 2245 infra
685 2184 802 2245 dicendi
824 2186 905 2243 locns
926 2185 992 2242 erit.

407 2266 594 2347 Quamquam
624 2271 657 2328 vi
685 2290 718 2329 ac
742 2278 883 2345 potestate
909 2266 1069 2343 particulae
1097 2260 1135 2346 γὲ
1161 2264 1304 2325 intellecta
1328 2271 1353 2320 et

320 2351 420 2422 agnita
449 2353 504 2411 vix
536 2373 607 2427 opus
640 2360 686 2413 eat
719 2364 829 2413 ceteros
861 2372 978 2427 qaoque
1012 2351 1090 2410 locos
1120 2370 1138 2407 a
1169 2370 1217 2409 me
1241 2347 1286 2407 laic
1309 2346 1354 2405 ad·

321 2434 414 2508 tingi,
451 2453 612 2509 persequar
644 2447 741 2496 tamen
773 2440 860 2496 etiam
892 2438 950 2496 alia
977 2434 1120 2511 quaedam
1145 2432 1296 2507 exempla,
1324 2433 1354 2489 in

211 2536 217 2547 ·
321 2518 428 2588 quibua
459 2520 512 2576 elai
542 2521 639 2579 minna
669 2520 803 2580 rideatur
834 2520 873 2581 ed
899 2517 1103 2594 explicandam
1127 2517 1294 2592 particulam
1321 2510 1354 2593 γὲ

319 2618 393 2671 ttpns
428 2619 491 2659 ease
523 2601 574 2659 tali
606 2603 828 2680 supplemento,
868 2614 985 2679 tamen,
1013 2600 1051 2661 xai
1085 2605 1199 2677 penitus
1227 2608 1354 2659 naturam
1413 2601 1415 2630 ¹

317 2683 476 2755 particulae
506 2686 629 2759 eiusque
660 2688 720 2746 vim
753 2690 898 2762 inspicere
932 2687 1084 2761 volumus,
1116 2689 1189 2745 istae
1222 2684 1352 2755 ambages

319 2767 412 2823 omitti
438 2786 498 2825 non
523 2778 667 2842 poterunt.
711 2769 764 2830 Sic
791 2775 822 2830 iu
845 2772 1104 2833 exclamationibus
1122 2769 1251 2829 ridemus
1270 2783 1355 2839 saepe

317 2869 441 2909 numero
469 2851 529 2927 legi
561 2854 732 2927 particulam
760 2851 812 2937 γέ,
841 2856 877 2914 de
905 2876 962 2930 qua
988 2862 1068 2925 recte
1095 2856 1154 2911 iam
1176 2851 1352 2913 existumavit

317 2929 500 3010 Hartungius
524 2936 545 2993 l.
566 2938 588 2995 l.
614 2938 673 2998 acl.
695 2938 720 2998 Ι.
742 2962 771 3015 p.
795 2944 884 3015 371„
911 2960 1000 3014 quom
1025 2938 1107 3019 dixit,
1124 2947 1184 2996 tum
1207 2935 1271 3011 poni
1291 2953 1350 3007 per-
1410 2931 1412 2968 ²

317 3017 433 3075 ticnlam
460 3022 492 3079 in
518 3019 664 3081 afferendo
685 3024 848 3098 praedicato
871 3023 988 3097 aliquo,
1014 3024 1041 3085 si
1063 3025 1141 3081 iuter
1160 3030 1250 3081 cetera
1273 3035 1350 3090 prae·

317 3098 421 3176 dicata,
445 3122 519 3179 quae
541 3105 643 3166 cadere
663 3117 782 3181 possent
803 3109 835 3166 in
856 3128 944 3186 unam
963 3107 1092 3180 aliquam
1111 3126 1186 3180 rem,
1203 3122 1287 3161 onom
1302 3118 1350 3173 po-

317 3187 468 3247 tissumum
490 3190 617 3251 eminere
641 3191 799 3267 videretur,
823 3189 957 3251 adserens
979 3193 1068 3249 etiam
1085 3190 1294 3266 grammaticum
1313 3200 1348 3241 ex
1407 3201 1408 3246 ι

315 3266 401 3329 Imm.
430 3270 564 3333 Balkeri
592 3276 728 3335 Anecdot.
756 3298 788 3351 p.
815 3280 903 3349 971„
933 3278 985 3351 qni
1012 3277 1053 3334 ita
1078 3275 1277 3349 praecepisset:
1301 3256 1347 3324 ’Es
1406 3250 1409 3338 l

315 3353 362 3434 τῷ
390 3354 528 3431 καλῶς
556 3377 602 3437 γε
629 3353 783 3440 σημαίνει
804 3354 865 3442 τὴν
886 3354 1040 3422 ἐπίτασιν
1059 3359 1119 3441 τῆς
1139 3356 1199 3420 τοῦ
1218 3346 1348 3419 κάλλους
1405 3343 1408 3420 l

415 3430 423 3451 Ι

315 3428 517 3586 ddniddddjg‘
559 3438 611 3506 δὴ
640 3442 720 3521 ‘¹³⁰³
744 3444 855 3519 ΨΜ
873 3445 907 3503 ¹⁸
928 3441 1080 3521 Earipta.
1100 3440 1214 3506 naon
1236 3457 1264 3498 v.
1283 3434 1346 3493 aas.

431 3726 434 3733 Δ
515 3666 616 3729 Δεινόν
633 3690 666 3742 γε
683 3678 796 3740 θνητοῖς
813 3670 850 3734 ὥς
868 3669 978 3727 ἅπαντα
995 3675 1153 3742 σαμπιτνεῖ,

514 3742 562 3793 καὶ
579 3738 627 3801 aria
645 3737 769 3811 ἀνάγκας
787 3742 814 3797 ol
830 3738 909 3815 λόγοι
925 3736 1060 3815 διώρισαν
1080 3740 1136 3794 asi.

312 3878 355 3935 tta
382 3876 599 3951 explanandum
631 3881 703 3937 eriis
741 3882 774 3938 st
806 3880 879 3940 oilli
906 3880 1000 3951 ataid,
1031 3868 1155 3939 ierrtttta
1179 3870 1281 3955 quidam
1299 3875 1344 3937 θ’,

313 3978 394 4037 pascos
425 3962 462 4019 od
495 3962 608 4020 ιιιαῐιιαι
639 3964 807 4022 αιοααῐιὺιιι
841 3969 937 4024 omnio
971 3964 1150 4023 collabantur
1178 3970 1226 4019 ato.
1284 3950 1342 4011 ΗΜ

311 4042 399 4103 modo
420 4045 504 4105 valdo
526 4046 564 4104 do
587 4068 639 4123 eo,
667 4047 745 4123 quod
767 4048 889 4121 dicitur,
910 4048 1061 4107 adlinnnri
1086 4054 1219 4121 apparet,
1241 4037 1340 4098 eodem·

312 4149 370 4203 qne
406 4131 491 4191 modo
526 4138 555 4190 et
588 4154 642 4190 uos
674 4134 814 4194 dicimnss
857 4132 1035 4193 Sclrecl'liclt
1064 4136 1226 4207 meaipstena
1252 4126 1286 4178 iul
1304 4133 1340 4215 ιθ*

310 4230 338 4265 a.
360 4231 384 4271 s·
405 4232 457 4284 ια,
480 4222 510 4273 et
531 4213 650 4275 Latinis
674 4217 855 4276 Homadena
877 4218 988 4291 apsidem
1009 4222 1050 4272 eal
1073 4224 1134 4284 eta,
1157 4222 1196 4285 nt,
1214 4202 1285 4281 quod
1304 4209 1341 4256 ¹¹⁸

310 4290 431 4364 dicitnr,
462 4298 565 4357 eodem
591 4298 721 4375 deniquo
745 4299 832 4358 modo
854 4298 1059 4375 explicandum
1080 4301 1129 4359 ait.
1170 4290 1254 4357 Atta
1273 4280 1343 4364 (1⁸⁰⁶

308 4371 417 4449 tegitur
438 4379 471 4439 iu
491 4378 703 4461 Aristophanis
727 4384 835 4447 Attilae
857 4388 970 4447 tilii)
992 4404 1060 4461 sqq·
1176 4404 1179 4409 ’
