<?xml version="1.0" encoding="UTF-8"?>
<!DOCTYPE html PUBLIC "-//W3C//DTD XHTML 1.0 Transitional//EN"
    "http://www.w3.org/TR/xhtml1/DTD/xhtml1-transitional.dtd">
<html xmlns="http://www.w3.org/1999/xhtml" xml:lang="en" lang="en">
 <head>
  <title>
</title>
<meta http-equiv="Content-Type" content="text/html;charset=utf-8" />
  <meta name='ocr-system' content='tesseract 3.04.00' />
  <meta name='ocr-capabilities' content='ocr_page ocr_carea ocr_par ocr_line ocrx_word'/>
</head>
<body>
  <div class='ocr_page' id='page_1' title='image "./matthaeidevarii00unkngoog_0392.png"; bbox 0 0 2850 4842; ppageno 0'>
   <div class='ocr_carea' id='block_1_1' title="bbox 176 492 902 569">
    <p class='ocr_par' dir='ltr' id='par_1_1' title="bbox 176 492 902 569">
     <span class='ocr_line' id='line_1_1' title="bbox 176 492 902 569; baseline -0.004 0"><span class='ocrx_word' id='word_1_1' title='bbox 176 514 180 518; x_wconf 75' lang='grc'>’</span> <span class='ocrx_word' id='word_1_2' title='bbox 274 499 320 569; x_wconf 81' lang='grc'>78</span> <span class='ocrx_word' id='word_1_3' title='bbox 692 492 782 568; x_wconf 75' lang='grc' dir='ltr'>ἀλλ’</span> <span class='ocrx_word' id='word_1_4' title='bbox 818 496 902 569; x_wconf 75' lang='grc' dir='ltr'>ὅτε.</span> 
     </span>
    </p>
   </div>
   <div class='ocr_carea' id='block_1_2' title="bbox 272 660 1326 838">
    <p class='ocr_par' dir='ltr' id='par_1_2' title="bbox 272 660 1326 838">
     <span class='ocr_line' id='line_1_2' title="bbox 274 660 1323 739; baseline -0.001 -1"><span class='ocrx_word' id='word_1_5' title='bbox 274 694 339 739; x_wconf 78' lang='lat' dir='ltr'>sese</span> <span class='ocrx_word' id='word_1_6' title='bbox 360 670 459 737; x_wconf 85' lang='lat' dir='ltr'>hehel.</span> <span class='ocrx_word' id='word_1_7' title='bbox 502 669 554 735; x_wconf 87' lang='lat' dir='ltr'>Sic</span> <span class='ocrx_word' id='word_1_8' title='bbox 581 660 669 735; x_wconf 79' lang='lat' dir='ltr'>elium</span> <span class='ocrx_word' id='word_1_9' title='bbox 689 671 793 735; x_wconf 82' lang='lat' dir='ltr'>Latini</span> <span class='ocrx_word' id='word_1_10' title='bbox 820 674 956 735; x_wconf 80' lang='lat' dir='ltr'>omittant</span> <span class='ocrx_word' id='word_1_11' title='bbox 978 671 1045 734; x_wconf 82' lang='lat' dir='ltr'>sere</span> <span class='ocrx_word' id='word_1_12' title='bbox 1066 674 1100 733; x_wconf 89' lang='lat' dir='ltr'>in</span> <span class='ocrx_word' id='word_1_13' title='bbox 1122 670 1169 735; x_wconf 91' lang='lat' dir='ltr'>his</span> <span class='ocrx_word' id='word_1_14' title='bbox 1190 674 1323 737; x_wconf 64' lang='lat' dir='ltr'>anmerk</span> 
     </span>
     <span class='ocr_line' id='line_1_3' title="bbox 272 757 1326 838; baseline 0.002 -19"><span class='ocrx_word' id='word_1_15' title='bbox 272 760 446 836; x_wconf 68' lang='lat' dir='ltr'><strong>particulam</strong></span> <span class='ocrx_word' id='word_1_16' title='bbox 467 778 561 838; x_wconf 63' lang='lat' dir='ltr'>pam,</span> <span class='ocrx_word' id='word_1_17' title='bbox 582 759 675 818; x_wconf 81' lang='lat' dir='ltr'>veluti</span> <span class='ocrx_word' id='word_1_18' title='bbox 695 757 978 835; x_wconf 70' lang='lat' dir='ltr'>spasmantem</span> <span class='ocrx_word' id='word_1_19' title='bbox 997 758 1108 835; x_wconf 70' lang='lat' dir='ltr'>legitur</span> <span class='ocrx_word' id='word_1_20' title='bbox 1126 762 1159 821; x_wconf 91' lang='lat' dir='ltr'>in</span> <span class='ocrx_word' id='word_1_21' title='bbox 1177 762 1326 837; x_wconf 84' lang='lat' dir='ltr'>oratione,</span> 
     </span>
    </p>
   </div>
   <div class='ocr_carea' id='block_1_3' title="bbox 170 839 1325 923">
    <p class='ocr_par' dir='ltr' id='par_1_3' title="bbox 170 839 1325 923">
     <span class='ocr_line' id='line_1_4' title="bbox 170 839 1325 923; baseline 0.002 -20"><span class='ocrx_word' id='word_1_22' title='bbox 170 911 173 917; x_wconf 26' lang='lat'><strong>¹</strong></span> <span class='ocrx_word' id='word_1_23' title='bbox 275 852 417 921; x_wconf 83' lang='lat' dir='ltr'>quaeest</span> <span class='ocrx_word' id='word_1_24' title='bbox 439 839 694 921; x_wconf 79' lang='lat' dir='ltr'>proP.&#39;Qutuctio</span> <span class='ocrx_word' id='word_1_25' title='bbox 717 865 778 919; x_wconf 76' lang='lat' dir='ltr'>sels.</span> <span class='ocrx_word' id='word_1_26' title='bbox 802 852 851 903; x_wconf 83' lang='lat'>12.</span> <span class='ocrx_word' id='word_1_27' title='bbox 874 848 902 917; x_wconf 63' lang='grc' dir='ltr'>ς.</span> <span class='ocrx_word' id='word_1_28' title='bbox 925 847 977 903; x_wconf 79' lang='grc'>41.</span> <span class='ocrx_word' id='word_1_29' title='bbox 1007 846 1049 902; x_wconf 81' lang='lat' dir='ltr'>At</span> <span class='ocrx_word' id='word_1_30' title='bbox 1069 852 1159 903; x_wconf 82' lang='lat' dir='ltr'>tecam</span> <span class='ocrx_word' id='word_1_31' title='bbox 1179 846 1244 923; x_wconf 83' lang='lat' dir='ltr'>plue</span> <span class='ocrx_word' id='word_1_32' title='bbox 1265 866 1325 905; x_wconf 83' lang='lat' dir='ltr'>urt-</span> 
     </span>
    </p>
   </div>
   <div class='ocr_carea' id='block_1_4' title="bbox 271 927 1323 1091">
    <p class='ocr_par' dir='ltr' id='par_1_4' title="bbox 271 927 1323 1091">
     <span class='ocr_line' id='line_1_5' title="bbox 271 927 1323 1006; baseline 0.001 -18"><span class='ocrx_word' id='word_1_33' title='bbox 271 927 341 988; x_wconf 79' lang='lat' dir='ltr'>aura</span> <span class='ocrx_word' id='word_1_34' title='bbox 362 933 447 998; x_wconf 75' lang='lat' dir='ltr'>cinit,</span> <span class='ocrx_word' id='word_1_35' title='bbox 469 936 520 986; x_wconf 83' lang='lat' dir='ltr'>eut</span> <span class='ocrx_word' id='word_1_36' title='bbox 540 930 573 986; x_wconf 84' lang='lat' dir='ltr'>in</span> <span class='ocrx_word' id='word_1_37' title='bbox 596 929 727 987; x_wconf 88' lang='lat' dir='ltr'>oratione</span> <span class='ocrx_word' id='word_1_38' title='bbox 742 948 794 1006; x_wconf 81' lang='lat' dir='ltr'>pro</span> <span class='ocrx_word' id='word_1_39' title='bbox 811 929 844 998; x_wconf 88' lang='lat' dir='ltr'>Q.</span> <span class='ocrx_word' id='word_1_40' title='bbox 858 931 963 987; x_wconf 84' lang='lat' dir='ltr'>Roscio</span> <span class='ocrx_word' id='word_1_41' title='bbox 977 928 1107 989; x_wconf 82' lang='lat' dir='ltr'>comoedo</span> <span class='ocrx_word' id='word_1_42' title='bbox 1120 950 1183 1003; x_wconf 85' lang='lat' dir='ltr'>cap.</span> <span class='ocrx_word' id='word_1_43' title='bbox 1199 935 1229 987; x_wconf 77' lang='grc'>3.</span> <span class='ocrx_word' id='word_1_44' title='bbox 1243 933 1270 1001; x_wconf 83' lang='lat'>§.</span> <span class='ocrx_word' id='word_1_45' title='bbox 1289 935 1323 989; x_wconf 88' lang='grc'>8.</span> 
     </span>
     <span class='ocr_line' id='line_1_6' title="bbox 272 1012 1323 1091; baseline 0.002 -20"><span class='ocrx_word' id='word_1_46' title='bbox 272 1012 406 1089; x_wconf 83' lang='lat' dir='ltr'>Aarpliue</span> <span class='ocrx_word' id='word_1_47' title='bbox 431 1020 498 1070; x_wconf 81' lang='lat' dir='ltr'>suat</span> <span class='ocrx_word' id='word_1_48' title='bbox 522 1030 576 1071; x_wconf 78' lang='lat' dir='ltr'>ses</span> <span class='ocrx_word' id='word_1_49' title='bbox 603 1032 720 1070; x_wconf 73' lang='lat' dir='ltr'>aienses.</span> <span class='ocrx_word' id='word_1_50' title='bbox 749 1020 778 1071; x_wconf 89' lang='lat' dir='ltr'>et</span> <span class='ocrx_word' id='word_1_51' title='bbox 801 1012 902 1087; x_wconf 88' lang='lat' dir='ltr'>paullo</span> <span class='ocrx_word' id='word_1_52' title='bbox 926 1018 1011 1087; x_wconf 86' lang='lat' dir='ltr'>post:</span> <span class='ocrx_word' id='word_1_53' title='bbox 1053 1012 1128 1091; x_wconf 70' lang='lat' dir='ltr'>Quid</span> <span class='ocrx_word' id='word_1_54' title='bbox 1152 1018 1179 1075; x_wconf 82' lang='lat' dir='ltr'>si</span> <span class='ocrx_word' id='word_1_55' title='bbox 1205 1014 1323 1073; x_wconf 76' lang='lat' dir='ltr'>tendens</span> 
     </span>
    </p>
   </div>
   <div class='ocr_carea' id='block_1_5' title="bbox 273 1093 1422 1173">
    <p class='ocr_par' dir='ltr' id='par_1_5' title="bbox 273 1093 1422 1173">
     <span class='ocr_line' id='line_1_7' title="bbox 273 1093 1422 1173; baseline 0.001 -17"><span class='ocrx_word' id='word_1_56' title='bbox 273 1097 397 1172; x_wconf 75' lang='lat' dir='ltr'>emplius</span> <span class='ocrx_word' id='word_1_57' title='bbox 423 1100 576 1154; x_wconf 79' lang='lat' dir='ltr'>triennium</span> <span class='ocrx_word' id='word_1_58' title='bbox 602 1093 664 1153; x_wconf 79' lang='lat' dir='ltr'>est?</span> <span class='ocrx_word' id='word_1_59' title='bbox 705 1093 767 1155; x_wconf 87' lang='lat' dir='ltr'>Sed</span> <span class='ocrx_word' id='word_1_60' title='bbox 796 1106 893 1156; x_wconf 86' lang='lat' dir='ltr'>tamen</span> <span class='ocrx_word' id='word_1_61' title='bbox 919 1098 1152 1171; x_wconf 71' lang='lat' dir='ltr'>quotiescunque</span> <span class='ocrx_word' id='word_1_62' title='bbox 1181 1105 1232 1155; x_wconf 86' lang='lat' dir='ltr'>eut</span> <span class='ocrx_word' id='word_1_63' title='bbox 1251 1118 1324 1173; x_wconf 87' lang='lat' dir='ltr'>per·</span> <span class='ocrx_word' id='word_1_64' title='bbox 1421 1130 1422 1133; x_wconf 34' lang='lat'>¹</span> 
     </span>
    </p>
   </div>
   <div class='ocr_carea' id='block_1_6' title="bbox 267 1180 1324 2097">
    <p class='ocr_par' dir='ltr' id='par_1_6' title="bbox 267 1180 1324 2097">
     <span class='ocr_line' id='line_1_8' title="bbox 272 1180 1324 1258; baseline -0.001 -18"><span class='ocrx_word' id='word_1_65' title='bbox 272 1180 412 1254; x_wconf 83' lang='lat' dir='ltr'>spieuites</span> <span class='ocrx_word' id='word_1_66' title='bbox 437 1181 577 1239; x_wconf 83' lang='lat' dir='ltr'>orationis</span> <span class='ocrx_word' id='word_1_67' title='bbox 601 1189 650 1238; x_wconf 88' lang='lat' dir='ltr'>aut</span> <span class='ocrx_word' id='word_1_68' title='bbox 674 1182 801 1254; x_wconf 71' lang='lat' dir='ltr'>gravitas</span> <span class='ocrx_word' id='word_1_69' title='bbox 825 1188 873 1239; x_wconf 88' lang='lat' dir='ltr'>aut</span> <span class='ocrx_word' id='word_1_70' title='bbox 894 1181 1085 1255; x_wconf 70' lang='lat' dir='ltr'>aequabilitas</span> <span class='ocrx_word' id='word_1_71' title='bbox 1106 1180 1162 1241; x_wconf 91' lang='lat' dir='ltr'>hoc</span> <span class='ocrx_word' id='word_1_72' title='bbox 1181 1184 1324 1258; x_wconf 81' lang='lat' dir='ltr'>requirit,</span> 
     </span>
     <span class='ocr_line' id='line_1_9' title="bbox 272 1262 1323 1338; baseline -0.002 -11"><span class='ocrx_word' id='word_1_73' title='bbox 272 1267 361 1327; x_wconf 74' lang='lat' dir='ltr'>suam</span> <span class='ocrx_word' id='word_1_74' title='bbox 389 1267 422 1323; x_wconf 88' lang='lat' dir='ltr'>in</span> <span class='ocrx_word' id='word_1_75' title='bbox 450 1262 498 1323; x_wconf 86' lang='lat' dir='ltr'>his</span> <span class='ocrx_word' id='word_1_76' title='bbox 526 1283 716 1323; x_wconf 87' lang='lat' dir='ltr'>numerorum</span> <span class='ocrx_word' id='word_1_77' title='bbox 739 1266 937 1325; x_wconf 85' lang='lat' dir='ltr'>notationibus</span> <span class='ocrx_word' id='word_1_78' title='bbox 957 1285 1056 1338; x_wconf 87' lang='lat' dir='ltr'>neque</span> <span class='ocrx_word' id='word_1_79' title='bbox 1079 1263 1183 1325; x_wconf 82' lang='lat' dir='ltr'>Graeci</span> <span class='ocrx_word' id='word_1_80' title='bbox 1205 1264 1323 1325; x_wconf 84' lang='lat' dir='ltr'>eluhita-</span> 
     </span>
     <span class='ocr_line' id='line_1_10' title="bbox 270 1339 1323 1425; baseline 0 -16"><span class='ocrx_word' id='word_1_81' title='bbox 270 1358 377 1409; x_wconf 78' lang='lat' dir='ltr'>verunt</span> <span class='ocrx_word' id='word_1_82' title='bbox 396 1351 587 1423; x_wconf 72' lang='lat' dir='ltr'>interponere</span> <span class='ocrx_word' id='word_1_83' title='bbox 609 1339 629 1365; x_wconf 55' lang='lat'>²*</span> <span class='ocrx_word' id='word_1_84' title='bbox 650 1350 821 1423; x_wconf 74' lang='lat' dir='ltr'>perticulam</span> <span class='ocrx_word' id='word_1_85' title='bbox 842 1370 939 1425; x_wconf 83' lang='lat' dir='ltr'>aeque</span> <span class='ocrx_word' id='word_1_86' title='bbox 952 1348 1056 1409; x_wconf 80' lang='lat' dir='ltr'>Latini</span> <span class='ocrx_word' id='word_1_87' title='bbox 1079 1352 1139 1408; x_wconf 89' lang='lat' dir='ltr'>iam</span> <span class='ocrx_word' id='word_1_88' title='bbox 1159 1352 1323 1409; x_wconf 81' lang='lat' dir='ltr'>omiserunt</span> 
     </span>
     <span class='ocr_line' id='line_1_11' title="bbox 271 1370 1323 1510; baseline 0.003 -19"><span class='ocrx_word' id='word_1_89' title='bbox 271 1452 357 1510; x_wconf 82' lang='lat' dir='ltr'>quom</span> <span class='ocrx_word' id='word_1_90' title='bbox 378 1433 561 1507; x_wconf 84' lang='lat' dir='ltr'>particulam,</span> <span class='ocrx_word' id='word_1_91' title='bbox 581 1370 633 1491; x_wconf 63' lang='lat' dir='ltr'>seh</span> <span class='ocrx_word' id='word_1_92' title='bbox 653 1433 690 1492; x_wconf 75' lang='lat' dir='ltr'>acl</span> <span class='ocrx_word' id='word_1_93' title='bbox 711 1433 888 1493; x_wconf 76' lang='lat' dir='ltr'>seduliorem</span> <span class='ocrx_word' id='word_1_94' title='bbox 909 1435 1049 1493; x_wconf 85' lang='lat' dir='ltr'>orationis</span> <span class='ocrx_word' id='word_1_95' title='bbox 1062 1434 1186 1493; x_wconf 80' lang='lat' dir='ltr'>sormam</span> <span class='ocrx_word' id='word_1_96' title='bbox 1200 1436 1323 1509; x_wconf 89' lang='lat' dir='ltr'>utrique</span> 
     </span>
     <span class='ocr_line' id='line_1_12' title="bbox 269 1514 1322 1595; baseline 0.005 -21"><span class='ocrx_word' id='word_1_97' title='bbox 269 1516 431 1576; x_wconf 84' lang='lat' dir='ltr'>redierunt.</span> <span class='ocrx_word' id='word_1_98' title='bbox 473 1516 524 1577; x_wconf 87' lang='lat' dir='ltr'>Sic</span> <span class='ocrx_word' id='word_1_99' title='bbox 546 1526 575 1576; x_wconf 89' lang='lat' dir='ltr'>et</span> <span class='ocrx_word' id='word_1_100' title='bbox 590 1514 764 1592; x_wconf 82' lang='lat' dir='ltr'>Xenophon</span> <span class='ocrx_word' id='word_1_101' title='bbox 784 1520 817 1577; x_wconf 86' lang='lat' dir='ltr'>ia</span> <span class='ocrx_word' id='word_1_102' title='bbox 833 1520 993 1595; x_wconf 75' lang='lat' dir='ltr'>Disciplina</span> <span class='ocrx_word' id='word_1_103' title='bbox 1008 1519 1073 1590; x_wconf 71' lang='lat' dir='ltr'>Gyri</span> <span class='ocrx_word' id='word_1_104' title='bbox 1086 1518 1139 1579; x_wconf 83' lang='lat' dir='ltr'>lib.</span> <span class='ocrx_word' id='word_1_105' title='bbox 1152 1516 1193 1577; x_wconf 91' lang='lat' dir='ltr'>ll.</span> <span class='ocrx_word' id='word_1_106' title='bbox 1207 1540 1270 1593; x_wconf 79' lang='lat' dir='ltr'>cap.</span> <span class='ocrx_word' id='word_1_107' title='bbox 1291 1526 1322 1579; x_wconf 95' lang='lat' dir='ltr'>l.</span> 
     </span>
     <span class='ocr_line' id='line_1_13' title="bbox 270 1595 1322 1677; baseline 0.006 -18"><span class='ocrx_word' id='word_1_108' title='bbox 270 1602 300 1671; x_wconf 85' lang='lat'>§.</span> <span class='ocrx_word' id='word_1_109' title='bbox 324 1607 354 1659; x_wconf 85' lang='grc'>6.</span> <span class='ocrx_word' id='word_1_110' title='bbox 381 1601 551 1660; x_wconf 82' lang='lat' dir='ltr'>rectissume</span> <span class='ocrx_word' id='word_1_111' title='bbox 579 1604 711 1677; x_wconf 74' lang='lat' dir='ltr'>scripsit:</span> <span class='ocrx_word' id='word_1_112' title='bbox 750 1597 940 1677; x_wconf 77' lang='grc' dir='ltr'><strong><em>πελταστὰς</em></strong></span> <span class='ocrx_word' id='word_1_113' title='bbox 965 1596 1022 1663; x_wconf 72' lang='grc' dir='ltr'>καὶ</span> <span class='ocrx_word' id='word_1_114' title='bbox 1050 1595 1188 1677; x_wconf 79' lang='grc' dir='ltr'><strong><em>τοξότας</em></strong></span> <span class='ocrx_word' id='word_1_115' title='bbox 1213 1598 1322 1666; x_wconf 74' lang='grc' dir='ltr'><em>πλέον</em></span> 
     </span>
     <span class='ocr_line' id='line_1_14' title="bbox 269 1678 1320 1767; baseline 0 -20"><span class='ocrx_word' id='word_1_116' title='bbox 269 1678 293 1767; x_wconf 77' lang='grc' dir='ltr'>ἢ</span> <span class='ocrx_word' id='word_1_117' title='bbox 315 1678 423 1749; x_wconf 70' lang='grc' dir='ltr'><em>εἴκοσι</em></span> <span class='ocrx_word' id='word_1_118' title='bbox 442 1680 619 1764; x_wconf 55' lang='grc' dir='ltr'><em>μυριάδας)</em></span> <span class='ocrx_word' id='word_1_119' title='bbox 639 1696 668 1745; x_wconf 90' lang='lat' dir='ltr'>et</span> <span class='ocrx_word' id='word_1_120' title='bbox 687 1684 773 1745; x_wconf 82' lang='lat' dir='ltr'>Plato</span> <span class='ocrx_word' id='word_1_121' title='bbox 794 1690 826 1744; x_wconf 86' lang='lat' dir='ltr'>ia</span> <span class='ocrx_word' id='word_1_122' title='bbox 846 1690 1004 1745; x_wconf 74' lang='lat' dir='ltr'>Menexeno</span> <span class='ocrx_word' id='word_1_123' title='bbox 1024 1682 1102 1745; x_wconf 82' lang='lat' dir='ltr'>Part.</span> <span class='ocrx_word' id='word_1_124' title='bbox 1123 1683 1165 1745; x_wconf 89' lang='lat' dir='ltr'>ll.</span> <span class='ocrx_word' id='word_1_125' title='bbox 1185 1686 1246 1745; x_wconf 79' lang='lat' dir='ltr'>rol.</span> <span class='ocrx_word' id='word_1_126' title='bbox 1259 1684 1320 1747; x_wconf 84' lang='lat'>111.</span> 
     </span>
     <span class='ocr_line' id='line_1_15' title="bbox 268 1764 1321 1854; baseline 0.008 -28"><span class='ocrx_word' id='word_1_127' title='bbox 268 1790 299 1843; x_wconf 89' lang='lat' dir='ltr'>p.</span> <span class='ocrx_word' id='word_1_128' title='bbox 316 1774 395 1829; x_wconf 74' lang='grc'><strong>379.</strong></span> <span class='ocrx_word' id='word_1_129' title='bbox 414 1767 461 1829; x_wconf 78' lang='lat' dir='ltr'>etl.</span> <span class='ocrx_word' id='word_1_130' title='bbox 479 1768 581 1829; x_wconf 79' lang='lat' dir='ltr'>Bell.</span> <span class='ocrx_word' id='word_1_131' title='bbox 599 1792 629 1845; x_wconf 93' lang='lat' dir='ltr'>p.</span> <span class='ocrx_word' id='word_1_132' title='bbox 649 1772 723 1829; x_wconf 80' lang='lat'>235.</span> <span class='ocrx_word' id='word_1_133' title='bbox 742 1768 780 1829; x_wconf 86' lang='lat' dir='ltr'>B.</span> <span class='ocrx_word' id='word_1_134' title='bbox 800 1769 847 1829; x_wconf 86' lang='lat' dir='ltr'>ed.</span> <span class='ocrx_word' id='word_1_135' title='bbox 865 1767 908 1829; x_wconf 90' lang='grc' dir='ltr'>Η.</span> <span class='ocrx_word' id='word_1_136' title='bbox 924 1766 1031 1843; x_wconf 79' lang='lat' dir='ltr'>Steph.</span> <span class='ocrx_word' id='word_1_137' title='bbox 1058 1764 1129 1833; x_wconf 80' lang='grc' dir='ltr'>Καί</span> <span class='ocrx_word' id='word_1_138' title='bbox 1148 1790 1210 1849; x_wconf 80' lang='grc' dir='ltr'>μοι</span> <span class='ocrx_word' id='word_1_139' title='bbox 1231 1766 1321 1854; x_wconf 77' lang='lat' dir='ltr'>aiqu</span> 
     </span>
     <span class='ocr_line' id='line_1_16' title="bbox 267 1844 1321 1940; baseline 0 -25"><span class='ocrx_word' id='word_1_140' title='bbox 267 1844 290 1937; x_wconf 77' lang='grc' dir='ltr'><em>ἦ</em></span> <span class='ocrx_word' id='word_1_141' title='bbox 312 1844 472 1934; x_wconf 73' lang='grc' dir='ltr'><strong><em>σεμνότης</em></strong></span> <span class='ocrx_word' id='word_1_142' title='bbox 492 1850 681 1934; x_wconf 77' lang='grc' dir='ltr'><strong><em>παραμένει</em></strong></span> <span class='ocrx_word' id='word_1_143' title='bbox 701 1846 828 1940; x_wconf 72' lang='grc' dir='ltr'><strong><em>ἡμέρας</em></strong></span> <span class='ocrx_word' id='word_1_144' title='bbox 848 1848 955 1916; x_wconf 80' lang='grc' dir='ltr'><strong><em>πλείω</em></strong></span> <span class='ocrx_word' id='word_1_145' title='bbox 978 1844 999 1938; x_wconf 80' lang='grc' dir='ltr'>ἢ</span> <span class='ocrx_word' id='word_1_146' title='bbox 1020 1854 1122 1936; x_wconf 81' lang='grc' dir='ltr'><strong>τρεῖς.</strong></span> <span class='ocrx_word' id='word_1_147' title='bbox 1163 1851 1209 1913; x_wconf 84' lang='lat' dir='ltr'>lbi</span> <span class='ocrx_word' id='word_1_148' title='bbox 1235 1858 1321 1915; x_wconf 79' lang='lat' dir='ltr'>enim</span> 
     </span>
     <span class='ocr_line' id='line_1_17' title="bbox 267 1934 1320 2013; baseline 0.004 -19"><span class='ocrx_word' id='word_1_149' title='bbox 267 1937 357 2013; x_wconf 84' lang='lat' dir='ltr'>plene</span> <span class='ocrx_word' id='word_1_150' title='bbox 388 1945 477 2010; x_wconf 84' lang='lat' dir='ltr'>etque</span> <span class='ocrx_word' id='word_1_151' title='bbox 508 1946 640 1996; x_wconf 87' lang='lat' dir='ltr'>accurata</span> <span class='ocrx_word' id='word_1_152' title='bbox 668 1940 761 1997; x_wconf 88' lang='lat' dir='ltr'>oratio</span> <span class='ocrx_word' id='word_1_153' title='bbox 791 1940 962 2013; x_wconf 85' lang='lat' dir='ltr'>requiritur.</span> <span class='ocrx_word' id='word_1_154' title='bbox 1014 1934 1121 2012; x_wconf 80' lang='lat' dir='ltr'>Neque</span> <span class='ocrx_word' id='word_1_155' title='bbox 1151 1934 1253 1998; x_wconf 81' lang='lat' dir='ltr'>Cicero</span> <span class='ocrx_word' id='word_1_156' title='bbox 1283 1942 1320 1999; x_wconf 88' lang='lat' dir='ltr'>in</span> 
     </span>
     <span class='ocr_line' id='line_1_18' title="bbox 268 2022 1317 2097; baseline 0.007 -19"><span class='ocrx_word' id='word_1_157' title='bbox 268 2026 360 2079; x_wconf 77' lang='lat' dir='ltr'>erto</span> <span class='ocrx_word' id='word_1_158' title='bbox 383 2040 445 2095; x_wconf 85' lang='lat' dir='ltr'>cap.</span> <span class='ocrx_word' id='word_1_159' title='bbox 471 2027 520 2081; x_wconf 88' lang='grc'>18.</span> <span class='ocrx_word' id='word_1_160' title='bbox 547 2024 575 2095; x_wconf 84' lang='lat'>§.</span> <span class='ocrx_word' id='word_1_161' title='bbox 596 2026 649 2080; x_wconf 85' lang='lat'>70.</span> <span class='ocrx_word' id='word_1_162' title='bbox 677 2025 741 2081; x_wconf 88' lang='lat' dir='ltr'>siue</span> <span class='ocrx_word' id='word_1_163' title='bbox 771 2042 871 2081; x_wconf 79' lang='lat' dir='ltr'>caussa</span> <span class='ocrx_word' id='word_1_164' title='bbox 899 2024 1049 2097; x_wconf 83' lang='lat' dir='ltr'>scripsisse</span> <span class='ocrx_word' id='word_1_165' title='bbox 1076 2022 1223 2097; x_wconf 75' lang='lat' dir='ltr'>putandus</span> <span class='ocrx_word' id='word_1_166' title='bbox 1251 2032 1317 2085; x_wconf 86' lang='lat' dir='ltr'>est:</span> 
     </span>
    </p>
   </div>
   <div class='ocr_carea' id='block_1_7' title="bbox 268 2104 1318 2183">
    <p class='ocr_par' dir='ltr' id='par_1_7' title="bbox 268 2104 1318 2183">
     <span class='ocr_line' id='line_1_19' title="bbox 268 2104 1318 2183; baseline 0.003 -18"><span class='ocrx_word' id='word_1_167' title='bbox 268 2109 319 2182; x_wconf 80' lang='lat' dir='ltr'>qui</span> <span class='ocrx_word' id='word_1_168' title='bbox 343 2124 401 2165; x_wconf 77' lang='lat' dir='ltr'>soa</span> <span class='ocrx_word' id='word_1_169' title='bbox 426 2114 493 2167; x_wconf 82' lang='lat' dir='ltr'>suut</span> <span class='ocrx_word' id='word_1_170' title='bbox 519 2109 567 2164; x_wconf 87' lang='lat' dir='ltr'>usi</span> <span class='ocrx_word' id='word_1_171' title='bbox 594 2104 660 2182; x_wconf 82' lang='lat' dir='ltr'>plus</span> <span class='ocrx_word' id='word_1_172' title='bbox 686 2126 773 2183; x_wconf 81' lang='lat' dir='ltr'>quam</span> <span class='ocrx_word' id='word_1_173' title='bbox 803 2115 937 2183; x_wconf 70' lang='lat' dir='ltr'>qrrctteor</span> <span class='ocrx_word' id='word_1_174' title='bbox 963 2105 1117 2178; x_wconf 50' lang='lat' dir='ltr'>coloribus}</span> <span class='ocrx_word' id='word_1_175' title='bbox 1151 2128 1240 2183; x_wconf 85' lang='lat' dir='ltr'>quom</span> <span class='ocrx_word' id='word_1_176' title='bbox 1260 2128 1318 2183; x_wconf 86' lang='lat' dir='ltr'>per</span> 
     </span>
    </p>
   </div>
   <div class='ocr_carea' id='block_1_8' title="bbox 205 2190 1319 2269">
    <p class='ocr_par' dir='ltr' id='par_1_8' title="bbox 205 2190 1319 2269">
     <span class='ocr_line' id='line_1_20' title="bbox 205 2190 1319 2269; baseline 0.004 -22"><span class='ocrx_word' id='word_1_177' title='bbox 205 2203 219 2213; x_wconf 79' lang='lat'>‘</span> <span class='ocrx_word' id='word_1_178' title='bbox 266 2190 412 2249; x_wconf 80' lang='lat' dir='ltr'>rationem</span> <span class='ocrx_word' id='word_1_179' title='bbox 438 2192 657 2265; x_wconf 76' lang='lat' dir='ltr'>grammaticam</span> <span class='ocrx_word' id='word_1_180' title='bbox 680 2196 781 2265; x_wconf 85' lang='lat' dir='ltr'>posset</span> <span class='ocrx_word' id='word_1_181' title='bbox 808 2192 896 2251; x_wconf 87' lang='lat' dir='ltr'>etiam</span> <span class='ocrx_word' id='word_1_182' title='bbox 922 2192 1065 2251; x_wconf 80' lang='lat' dir='ltr'>scrihere:</span> <span class='ocrx_word' id='word_1_183' title='bbox 1095 2195 1143 2269; x_wconf 83' lang='lat' dir='ltr'>qui</span> <span class='ocrx_word' id='word_1_184' title='bbox 1169 2212 1225 2252; x_wconf 78' lang='lat' dir='ltr'>acu</span> <span class='ocrx_word' id='word_1_185' title='bbox 1248 2201 1319 2252; x_wconf 77' lang='lat' dir='ltr'>suet</span> 
     </span>
    </p>
   </div>
   <div class='ocr_carea' id='block_1_9' title="bbox 260 2271 1342 3535">
    <p class='ocr_par' dir='ltr' id='par_1_9' title="bbox 260 2271 1342 3283">
     <span class='ocr_line' id='line_1_21' title="bbox 266 2271 1318 2353; baseline 0 -20"><span class='ocrx_word' id='word_1_186' title='bbox 266 2278 312 2333; x_wconf 77' lang='lat' dir='ltr'>usi</span> <span class='ocrx_word' id='word_1_187' title='bbox 336 2274 403 2350; x_wconf 85' lang='lat' dir='ltr'>plus</span> <span class='ocrx_word' id='word_1_188' title='bbox 427 2283 562 2352; x_wconf 75' lang='lat' dir='ltr'>quattuor</span> <span class='ocrx_word' id='word_1_189' title='bbox 582 2274 732 2333; x_wconf 77' lang='lat' dir='ltr'>coloribus.</span> <span class='ocrx_word' id='word_1_190' title='bbox 773 2271 927 2335; x_wconf 84' lang='lat' dir='ltr'>Sententia</span> <span class='ocrx_word' id='word_1_191' title='bbox 949 2278 1029 2335; x_wconf 87' lang='lat' dir='ltr'>enim</span> <span class='ocrx_word' id='word_1_192' title='bbox 1049 2278 1115 2351; x_wconf 87' lang='lat' dir='ltr'>ipsa</span> <span class='ocrx_word' id='word_1_193' title='bbox 1138 2277 1318 2353; x_wconf 76' lang='lat' dir='ltr'>requirebat,</span> 
     </span>
     <span class='ocr_line' id='line_1_22' title="bbox 266 2356 1316 2435; baseline 0.006 -20"><span class='ocrx_word' id='word_1_194' title='bbox 266 2364 299 2415; x_wconf 84' lang='lat' dir='ltr'>at</span> <span class='ocrx_word' id='word_1_195' title='bbox 319 2356 400 2417; x_wconf 76' lang='lat' dir='ltr'>istud</span> <span class='ocrx_word' id='word_1_196' title='bbox 419 2367 550 2419; x_wconf 85' lang='lat' dir='ltr'>accurate</span> <span class='ocrx_word' id='word_1_197' title='bbox 573 2356 780 2423; x_wconf 74' lang='lat' dir='ltr'>declararetur.</span> <span class='ocrx_word' id='word_1_198' title='bbox 816 2357 965 2435; x_wconf 83' lang='lat' dir='ltr'>Rectaque</span> <span class='ocrx_word' id='word_1_199' title='bbox 987 2358 1115 2419; x_wconf 87' lang='lat' dir='ltr'>Romani</span> <span class='ocrx_word' id='word_1_200' title='bbox 1133 2362 1166 2419; x_wconf 91' lang='lat' dir='ltr'>in</span> <span class='ocrx_word' id='word_1_201' title='bbox 1188 2380 1222 2419; x_wconf 87' lang='lat' dir='ltr'>eo</span> <span class='ocrx_word' id='word_1_202' title='bbox 1236 2360 1316 2421; x_wconf 78' lang='lat' dir='ltr'>&#39;loe-</span> 
     </span>
     <span class='ocr_line' id='line_1_23' title="bbox 267 2440 1314 2519; baseline 0.005 -19"><span class='ocrx_word' id='word_1_203' title='bbox 267 2440 358 2516; x_wconf 82' lang='lat' dir='ltr'>dere,</span> <span class='ocrx_word' id='word_1_204' title='bbox 393 2442 473 2515; x_wconf 72' lang='lat' dir='ltr'>quod</span> <span class='ocrx_word' id='word_1_205' title='bbox 505 2462 571 2501; x_wconf 84' lang='lat' dir='ltr'>cum</span> <span class='ocrx_word' id='word_1_206' title='bbox 600 2440 755 2502; x_wconf 85' lang='lat' dir='ltr'>Antiocho</span> <span class='ocrx_word' id='word_1_207' title='bbox 785 2462 855 2518; x_wconf 78' lang='lat' dir='ltr'>rege</span> <span class='ocrx_word' id='word_1_208' title='bbox 885 2444 1038 2519; x_wconf 78' lang='lat' dir='ltr'>feceruut,</span> <span class='ocrx_word' id='word_1_209' title='bbox 1072 2442 1161 2503; x_wconf 79' lang='lat' dir='ltr'>Livio</span> <span class='ocrx_word' id='word_1_210' title='bbox 1191 2452 1314 2505; x_wconf 64' lang='lat' dir='ltr'>eruore</span> 
     </span>
     <span class='ocr_line' id='line_1_24' title="bbox 266 2523 1311 2603; baseline 0.005 -19"><span class='ocrx_word' id='word_1_211' title='bbox 266 2525 319 2585; x_wconf 81' lang='lat' dir='ltr'>lib.</span> <span class='ocrx_word' id='word_1_212' title='bbox 351 2523 545 2587; x_wconf 77' lang='lat' dir='ltr'>XXXVIII.</span> <span class='ocrx_word' id='word_1_213' title='bbox 577 2548 640 2602; x_wconf 85' lang='lat' dir='ltr'>cap.</span> <span class='ocrx_word' id='word_1_214' title='bbox 673 2532 724 2586; x_wconf 76' lang='lat'>38.</span> <span class='ocrx_word' id='word_1_215' title='bbox 757 2537 968 2602; x_wconf 83' lang='lat' dir='ltr'>praeceperunt</span> <span class='ocrx_word' id='word_1_216' title='bbox 999 2530 1098 2603; x_wconf 85' lang='lat' dir='ltr'>potius</span> <span class='ocrx_word' id='word_1_217' title='bbox 1124 2526 1179 2588; x_wconf 91' lang='lat' dir='ltr'>hoc</span> <span class='ocrx_word' id='word_1_218' title='bbox 1203 2524 1311 2589; x_wconf 74' lang='lat' dir='ltr'>malos</span> 
     </span>
     <span class='ocr_line' id='line_1_25' title="bbox 266 2610 1315 2691; baseline 0.007 -25"><span class='ocrx_word' id='word_1_219' title='bbox 266 2610 425 2669; x_wconf 70' lang='lat' dir='ltr'>Antiscios</span> <span class='ocrx_word' id='word_1_220' title='bbox 449 2610 558 2669; x_wconf 74' lang='lat' dir='ltr'>actuo</span> <span class='ocrx_word' id='word_1_221' title='bbox 580 2615 663 2670; x_wconf 75' lang='lat' dir='ltr'>mois</span> <span class='ocrx_word' id='word_1_222' title='bbox 684 2611 786 2687; x_wconf 80' lang='lat' dir='ltr'>leupus</span> <span class='ocrx_word' id='word_1_223' title='bbox 806 2632 874 2673; x_wconf 78' lang='lat' dir='ltr'>reve</span> <span class='ocrx_word' id='word_1_224' title='bbox 894 2612 1097 2691; x_wconf 69' lang='lat' dir='ltr'>pluraquam</span> <span class='ocrx_word' id='word_1_225' title='bbox 1117 2612 1209 2671; x_wconf 76' lang='lat' dir='ltr'>decem</span> <span class='ocrx_word' id='word_1_226' title='bbox 1228 2616 1315 2673; x_wconf 80' lang='lat' dir='ltr'>aevis</span> 
     </span>
     <span class='ocr_line' id='line_1_26' title="bbox 266 2694 1311 2774; baseline 0.005 -23"><span class='ocrx_word' id='word_1_227' title='bbox 266 2697 428 2764; x_wconf 69' lang='lat' dir='ltr'>oscarus,</span> <span class='ocrx_word' id='word_1_228' title='bbox 461 2694 542 2753; x_wconf 66' lang='lat' dir='ltr'>mrim</span> <span class='ocrx_word' id='word_1_229' title='bbox 575 2713 696 2771; x_wconf 81' lang='lat' dir='ltr'>quarum</span> <span class='ocrx_word' id='word_1_230' title='bbox 726 2696 792 2772; x_wconf 88' lang='lat' dir='ltr'>plus</span> <span class='ocrx_word' id='word_1_231' title='bbox 823 2716 909 2774; x_wconf 84' lang='lat' dir='ltr'>quem</span> <span class='ocrx_word' id='word_1_232' title='bbox 936 2701 1059 2772; x_wconf 68' lang='lat' dir='ltr'>‚triptota</span> <span class='ocrx_word' id='word_1_233' title='bbox 1084 2702 1171 2755; x_wconf 79' lang='lat' dir='ltr'>remis</span> <span class='ocrx_word' id='word_1_234' title='bbox 1197 2706 1311 2773; x_wconf 77' lang='lat' dir='ltr'>apator,</span> 
     </span>
     <span class='ocr_line' id='line_1_27' title="bbox 264 2778 1315 2856; baseline 0.004 -19"><span class='ocrx_word' id='word_1_235' title='bbox 264 2781 392 2853; x_wconf 69' lang='lat' dir='ltr'>toleto„</span> <span class='ocrx_word' id='word_1_236' title='bbox 422 2798 512 2854; x_wconf 87' lang='lat' dir='ltr'>qaam</span> <span class='ocrx_word' id='word_1_237' title='bbox 538 2787 572 2835; x_wconf 92' lang='lat' dir='ltr'>ut</span> <span class='ocrx_word' id='word_1_238' title='bbox 600 2778 734 2839; x_wconf 82' lang='lat' dir='ltr'>breviore</span> <span class='ocrx_word' id='word_1_239' title='bbox 762 2780 814 2839; x_wconf 87' lang='lat' dir='ltr'>illa</span> <span class='ocrx_word' id='word_1_240' title='bbox 845 2782 1000 2856; x_wconf 85' lang='lat' dir='ltr'>minasque</span> <span class='ocrx_word' id='word_1_241' title='bbox 1024 2788 1155 2839; x_wconf 81' lang='lat' dir='ltr'>aceurate</span> <span class='ocrx_word' id='word_1_242' title='bbox 1178 2782 1315 2841; x_wconf 83' lang='lat' dir='ltr'>oratione</span> 
     </span>
     <span class='ocr_line' id='line_1_28' title="bbox 263 2861 1342 2943; baseline -0.005 -17"><span class='ocrx_word' id='word_1_243' title='bbox 263 2875 426 2943; x_wconf 86' lang='lat' dir='ltr'>uterentur,</span> <span class='ocrx_word' id='word_1_244' title='bbox 449 2883 509 2942; x_wconf 84' lang='lat' dir='ltr'>qus</span> <span class='ocrx_word' id='word_1_245' title='bbox 521 2864 702 2923; x_wconf 86' lang='lat' dir='ltr'>omitteretur</span> <span class='ocrx_word' id='word_1_246' title='bbox 715 2884 800 2941; x_wconf 78' lang='lat' dir='ltr'>qrrom</span> <span class='ocrx_word' id='word_1_247' title='bbox 815 2865 967 2938; x_wconf 82' lang='lat' dir='ltr'>particule.</span> <span class='ocrx_word' id='word_1_248' title='bbox 1007 2861 1090 2923; x_wconf 83' lang='lat' dir='ltr'>Idem</span> <span class='ocrx_word' id='word_1_249' title='bbox 1105 2867 1194 2925; x_wconf 87' lang='lat' dir='ltr'>etiem</span> <span class='ocrx_word' id='word_1_250' title='bbox 1208 2865 1314 2925; x_wconf 77' lang='lat' dir='ltr'>nodus</span> <span class='ocrx_word' id='word_1_251' title='bbox 1338 2912 1342 2920; x_wconf 90' lang='lat'>.</span> 
     </span>
     <span class='ocr_line' id='line_1_29' title="bbox 263 2938 1315 3033; baseline -0.005 -22"><span class='ocrx_word' id='word_1_252' title='bbox 263 2959 326 3011; x_wconf 85' lang='lat' dir='ltr'>eret</span> <span class='ocrx_word' id='word_1_253' title='bbox 354 2949 564 3028; x_wconf 62' lang='lat' dir='ltr'>Graecorum,1</span> <span class='ocrx_word' id='word_1_254' title='bbox 585 2949 611 3010; x_wconf 86' lang='lat' dir='ltr'>si</span> <span class='ocrx_word' id='word_1_255' title='bbox 640 2956 708 3022; x_wconf 88' lang='lat' dir='ltr'>post</span> <span class='ocrx_word' id='word_1_256' title='bbox 739 2938 820 3011; x_wconf 69' lang='lat' dir='ltr'>iilia</span> <span class='ocrx_word' id='word_1_257' title='bbox 849 2969 882 3011; x_wconf 82' lang='grc' dir='ltr'>τι</span> <span class='ocrx_word' id='word_1_258' title='bbox 907 2969 968 3009; x_wconf 84' lang='lat' dir='ltr'>non</span> <span class='ocrx_word' id='word_1_259' title='bbox 996 2940 1212 3033; x_wconf 62' lang='lat' dir='ltr'>inserebantij</span> <span class='ocrx_word' id='word_1_260' title='bbox 1242 2970 1315 3025; x_wconf 83' lang='lat' dir='ltr'>par-</span> 
     </span>
     <span class='ocr_line' id='line_1_30' title="bbox 263 3030 1314 3114; baseline 0.003 -23"><span class='ocrx_word' id='word_1_261' title='bbox 263 3036 399 3105; x_wconf 68' lang='lat' dir='ltr'>acuam</span> <span class='ocrx_word' id='word_1_262' title='bbox 429 3057 487 3112; x_wconf 81' lang='lat' dir='ltr'>qua</span> <span class='ocrx_word' id='word_1_263' title='bbox 510 3037 547 3096; x_wconf 83' lang='lat' dir='ltr'>de</span> <span class='ocrx_word' id='word_1_264' title='bbox 568 3056 602 3097; x_wconf 76' lang='lat' dir='ltr'>ro</span> <span class='ocrx_word' id='word_1_265' title='bbox 624 3039 684 3095; x_wconf 79' lang='lat' dir='ltr'>iam</span> <span class='ocrx_word' id='word_1_266' title='bbox 704 3034 776 3097; x_wconf 78' lang='lat' dir='ltr'>satis</span> <span class='ocrx_word' id='word_1_267' title='bbox 798 3030 906 3091; x_wconf 67' lang='lat' dir='ltr'>hatum</span> <span class='ocrx_word' id='word_1_268' title='bbox 927 3041 979 3091; x_wconf 85' lang='lat' dir='ltr'>est.</span> <span class='ocrx_word' id='word_1_269' title='bbox 1022 3032 1111 3114; x_wconf 74' lang='lat' dir='ltr'>Quod</span> <span class='ocrx_word' id='word_1_270' title='bbox 1130 3042 1228 3093; x_wconf 83' lang='lat' dir='ltr'>autem</span> <span class='ocrx_word' id='word_1_271' title='bbox 1249 3032 1314 3094; x_wconf 86' lang='lat' dir='ltr'>lle-</span> 
     </span>
     <span class='ocr_line' id='line_1_31' title="bbox 262 3106 1313 3197; baseline -0.005 -15"><span class='ocrx_word' id='word_1_272' title='bbox 262 3124 363 3182; x_wconf 80' lang='lat' dir='ltr'>rerius</span> <span class='ocrx_word' id='word_1_273' title='bbox 383 3143 413 3197; x_wconf 81' lang='lat' dir='ltr'>p.</span> <span class='ocrx_word' id='word_1_274' title='bbox 434 3129 486 3181; x_wconf 85' lang='lat'>20.</span> <span class='ocrx_word' id='word_1_275' title='bbox 510 3123 551 3180; x_wconf 83' lang='lat' dir='ltr'>eit</span> <span class='ocrx_word' id='word_1_276' title='bbox 571 3129 727 3197; x_wconf 83' lang='lat' dir='ltr'>propterea</span> <span class='ocrx_word' id='word_1_277' title='bbox 751 3138 812 3179; x_wconf 85' lang='lat' dir='ltr'>non</span> <span class='ocrx_word' id='word_1_278' title='bbox 834 3136 922 3191; x_wconf 85' lang='lat' dir='ltr'>posse</span> <span class='ocrx_word' id='word_1_279' title='bbox 943 3106 1027 3181; x_wconf 74' lang='lat' dir='ltr'>illio</span> <span class='ocrx_word' id='word_1_280' title='bbox 1048 3118 1216 3181; x_wconf 67' lang='lat' dir='ltr'>scintillis</span> <span class='ocrx_word' id='word_1_281' title='bbox 1237 3118 1313 3177; x_wconf 85' lang='lat' dir='ltr'>locis</span> 
     </span>
     <span class='ocr_line' id='line_1_32' title="bbox 260 3199 1313 3283; baseline -0.002 -17"><span class='ocrx_word' id='word_1_282' title='bbox 260 3208 359 3281; x_wconf 80' lang='lat' dir='ltr'>prime</span> <span class='ocrx_word' id='word_1_283' title='bbox 388 3206 444 3265; x_wconf 87' lang='lat' dir='ltr'>ille</span> <span class='ocrx_word' id='word_1_284' title='bbox 474 3204 692 3283; x_wconf 72' lang='lat' dir='ltr'>significatione</span> <span class='ocrx_word' id='word_1_285' title='bbox 722 3206 832 3279; x_wconf 83' lang='lat' dir='ltr'>accipi,</span> <span class='ocrx_word' id='word_1_286' title='bbox 864 3200 918 3263; x_wconf 84' lang='lat' dir='ltr'>sed</span> <span class='ocrx_word' id='word_1_287' title='bbox 947 3199 1025 3261; x_wconf 83' lang='lat' dir='ltr'>nihil</span> <span class='ocrx_word' id='word_1_288' title='bbox 1052 3200 1132 3261; x_wconf 85' lang='lat' dir='ltr'>aliud</span> <span class='ocrx_word' id='word_1_289' title='bbox 1161 3222 1226 3263; x_wconf 84' lang='lat' dir='ltr'>esse</span> <span class='ocrx_word' id='word_1_290' title='bbox 1251 3205 1313 3263; x_wconf 77' lang='lat' dir='ltr'>nint</span> 
     </span>
    </p>

    <p class='ocr_par' dir='ltr' id='par_1_10' title="bbox 265 3282 1314 3535">
     <span class='ocr_line' id='line_1_33' title="bbox 321 3282 1314 3372; baseline -0.002 -23"><span class='ocrx_word' id='word_1_291' title='bbox 321 3290 410 3349; x_wconf 85' lang='lat' dir='ltr'>udam</span> <span class='ocrx_word' id='word_1_292' title='bbox 430 3289 633 3365; x_wconf 72' lang='lat' dir='ltr'>interrogandi</span> <span class='ocrx_word' id='word_1_293' title='bbox 653 3288 841 3365; x_wconf 84' lang='lat' dir='ltr'>particulam,</span> <span class='ocrx_word' id='word_1_294' title='bbox 873 3286 969 3363; x_wconf 84' lang='lat' dir='ltr'>qualis</span> <span class='ocrx_word' id='word_1_295' title='bbox 991 3294 1068 3345; x_wconf 87' lang='lat' dir='ltr'>esset</span> <span class='ocrx_word' id='word_1_296' title='bbox 1092 3282 1237 3372; x_wconf 79' lang='grc' dir='ltr'><strong><em>πότερον</em></strong></span> <span class='ocrx_word' id='word_1_297' title='bbox 1259 3286 1314 3348; x_wconf 82' lang='lat' dir='ltr'>rel</span> 
     </span>
     <span class='ocr_line' id='line_1_34' title="bbox 285 3368 1311 3455; baseline -0.004 -18"><span class='ocrx_word' id='word_1_298' title='bbox 285 3396 347 3455; x_wconf 82' lang='grc' dir='ltr'>ρα,</span> <span class='ocrx_word' id='word_1_299' title='bbox 378 3376 457 3450; x_wconf 77' lang='lat' dir='ltr'>quael</span> <span class='ocrx_word' id='word_1_300' title='bbox 489 3396 550 3435; x_wconf 85' lang='lat' dir='ltr'>nou</span> <span class='ocrx_word' id='word_1_301' title='bbox 583 3376 647 3434; x_wconf 83' lang='lat' dir='ltr'>fere</span> <span class='ocrx_word' id='word_1_302' title='bbox 679 3373 905 3449; x_wconf 82' lang='lat' dir='ltr'>responderetur</span> <span class='ocrx_word' id='word_1_303' title='bbox 935 3369 974 3430; x_wconf 74' lang='lat' dir='ltr'>ad</span> <span class='ocrx_word' id='word_1_304' title='bbox 1007 3368 1081 3431; x_wconf 79' lang='lat' dir='ltr'>haec</span> <span class='ocrx_word' id='word_1_305' title='bbox 1110 3372 1311 3448; x_wconf 70' lang='lat' dir='ltr'>interrogatus</span> 
     </span>
     <span class='ocr_line' id='line_1_35' title="bbox 265 3450 1313 3535; baseline -0.001 -17"><span class='ocrx_word' id='word_1_306' title='bbox 265 3450 388 3533; x_wconf 74' lang='grc' dir='ltr'><em>Οὐδέν,</em></span> <span class='ocrx_word' id='word_1_307' title='bbox 412 3458 472 3520; x_wconf 79' lang='lat' dir='ltr'>sed</span> <span class='ocrx_word' id='word_1_308' title='bbox 498 3461 582 3535; x_wconf 84' lang='lat' dir='ltr'>quasi</span> <span class='ocrx_word' id='word_1_309' title='bbox 605 3459 664 3518; x_wconf 84' lang='lat' dir='ltr'>elie</span> <span class='ocrx_word' id='word_1_310' title='bbox 687 3458 829 3534; x_wconf 81' lang='lat' dir='ltr'>particula</span> <span class='ocrx_word' id='word_1_311' title='bbox 852 3458 1061 3533; x_wconf 77' lang='lat' dir='ltr'>interrogativa</span> <span class='ocrx_word' id='word_1_312' title='bbox 1083 3458 1313 3530; x_wconf 75' lang='lat' dir='ltr'>praeeeseinete</span> 
     </span>
    </p>
   </div>
   <div class='ocr_carea' id='block_1_10' title="bbox 166 3532 1312 3625">
    <p class='ocr_par' dir='ltr' id='par_1_11' title="bbox 166 3532 1312 3625">
     <span class='ocr_line' id='line_1_36' title="bbox 166 3532 1312 3625; baseline -0.003 -20"><span class='ocrx_word' id='word_1_313' title='bbox 166 3542 170 3557; x_wconf 86' lang='lat'>&#39;</span> <span class='ocrx_word' id='word_1_314' title='bbox 260 3534 359 3604; x_wconf 73' lang='grc' dir='ltr'>Πάνυ</span> <span class='ocrx_word' id='word_1_315' title='bbox 377 3538 438 3618; x_wconf 74' lang='grc' dir='ltr'>μὲν</span> <span class='ocrx_word' id='word_1_316' title='bbox 459 3532 527 3614; x_wconf 79' lang='grc' dir='ltr'><em>οὖν,</em></span> <span class='ocrx_word' id='word_1_317' title='bbox 551 3551 600 3603; x_wconf 88' lang='lat' dir='ltr'>aut</span> <span class='ocrx_word' id='word_1_318' title='bbox 619 3534 707 3606; x_wconf 73' lang='grc' dir='ltr'>πάνυ</span> <span class='ocrx_word' id='word_1_319' title='bbox 729 3563 775 3625; x_wconf 85' lang='lat' dir='ltr'>ye,</span> <span class='ocrx_word' id='word_1_320' title='bbox 796 3548 826 3601; x_wconf 88' lang='lat' dir='ltr'>et</span> <span class='ocrx_word' id='word_1_321' title='bbox 847 3560 923 3616; x_wconf 83' lang='lat' dir='ltr'>quse</span> <span class='ocrx_word' id='word_1_322' title='bbox 944 3548 1043 3601; x_wconf 71' lang='lat' dir='ltr'>essem</span> <span class='ocrx_word' id='word_1_323' title='bbox 1066 3540 1186 3615; x_wconf 82' lang='lat' dir='ltr'>similia,</span> <span class='ocrx_word' id='word_1_324' title='bbox 1208 3540 1239 3600; x_wconf 80' lang='lat' dir='ltr'>ii</span> <span class='ocrx_word' id='word_1_325' title='bbox 1255 3540 1312 3601; x_wconf 89' lang='lat' dir='ltr'>ille</span> 
     </span>
    </p>
   </div>
   <div class='ocr_carea' id='block_1_11' title="bbox 259 3624 1312 3705">
    <p class='ocr_par' dir='ltr' id='par_1_12' title="bbox 259 3624 1312 3705">
     <span class='ocr_line' id='line_1_37' title="bbox 259 3624 1312 3705; baseline -0.002 -17"><span class='ocrx_word' id='word_1_326' title='bbox 259 3624 380 3705; x_wconf 74' lang='lat' dir='ltr'>qeiden</span> <span class='ocrx_word' id='word_1_327' title='bbox 407 3636 485 3686; x_wconf 87' lang='lat' dir='ltr'>reste</span> <span class='ocrx_word' id='word_1_328' title='bbox 507 3628 600 3703; x_wconf 82' lang='lat' dir='ltr'>vidit,</span> <span class='ocrx_word' id='word_1_329' title='bbox 627 3633 725 3702; x_wconf 90' lang='lat' dir='ltr'>neque&#39;</span> <span class='ocrx_word' id='word_1_330' title='bbox 750 3629 827 3686; x_wconf 89' lang='lat' dir='ltr'>enim</span> <span class='ocrx_word' id='word_1_331' title='bbox 849 3625 955 3687; x_wconf 84' lang='lat' dir='ltr'>Graeci</span> <span class='ocrx_word' id='word_1_332' title='bbox 975 3624 1060 3685; x_wconf 88' lang='lat' dir='ltr'>aliter</span> <span class='ocrx_word' id='word_1_333' title='bbox 1080 3627 1140 3700; x_wconf 85' lang='lat' dir='ltr'>ipsi</span> <span class='ocrx_word' id='word_1_334' title='bbox 1161 3626 1312 3700; x_wconf 76' lang='lat' dir='ltr'>accepisse</span> 
     </span>
    </p>
   </div>
   <div class='ocr_carea' id='block_1_12' title="bbox 170 3708 1311 3789">
    <p class='ocr_par' dir='ltr' id='par_1_13' title="bbox 170 3708 1311 3789">
     <span class='ocr_line' id='line_1_38' title="bbox 170 3708 1311 3789; baseline 0.001 -22"><span class='ocrx_word' id='word_1_335' title='bbox 170 3756 177 3767; x_wconf 92' lang='lat'>.</span> <span class='ocrx_word' id='word_1_336' title='bbox 258 3709 399 3776; x_wconf 75' lang='lat' dir='ltr'>vitentur</span> <span class='ocrx_word' id='word_1_337' title='bbox 424 3710 497 3771; x_wconf 80' lang='lat' dir='ltr'>haec</span> <span class='ocrx_word' id='word_1_338' title='bbox 522 3714 629 3789; x_wconf 82' lang='lat' dir='ltr'>verbs,</span> <span class='ocrx_word' id='word_1_339' title='bbox 659 3714 719 3771; x_wconf 87' lang='lat' dir='ltr'>uisi</span> <span class='ocrx_word' id='word_1_340' title='bbox 746 3720 777 3771; x_wconf 89' lang='lat' dir='ltr'>ut</span> <span class='ocrx_word' id='word_1_341' title='bbox 800 3712 954 3770; x_wconf 82' lang='lat' dir='ltr'>fortiorem</span> <span class='ocrx_word' id='word_1_342' title='bbox 977 3708 1121 3785; x_wconf 56' lang='lat' dir='ltr'>mendam</span> <span class='ocrx_word' id='word_1_343' title='bbox 1144 3712 1311 3785; x_wconf 74' lang='lat' dir='ltr'>interroga·</span> 
     </span>
    </p>
   </div>
   <div class='ocr_carea' id='block_1_13' title="bbox 258 3790 1311 3873">
    <p class='ocr_par' dir='ltr' id='par_1_14' title="bbox 258 3790 1311 3873">
     <span class='ocr_line' id='line_1_39' title="bbox 258 3790 1311 3873; baseline -0.002 -18"><span class='ocrx_word' id='word_1_344' title='bbox 258 3797 370 3861; x_wconf 76' lang='lat' dir='ltr'>tionem</span> <span class='ocrx_word' id='word_1_345' title='bbox 392 3800 602 3873; x_wconf 77' lang='lat' dir='ltr'>exprimerent,</span> <span class='ocrx_word' id='word_1_346' title='bbox 626 3796 689 3869; x_wconf 77' lang='lat' dir='ltr'>sel,</span> <span class='ocrx_word' id='word_1_347' title='bbox 709 3798 760 3855; x_wconf 81' lang='lat' dir='ltr'>ubl</span> <span class='ocrx_word' id='word_1_348' title='bbox 780 3816 843 3857; x_wconf 89' lang='lat' dir='ltr'>rem</span> <span class='ocrx_word' id='word_1_349' title='bbox 857 3801 986 3855; x_wconf 81' lang='lat' dir='ltr'>accurate</span> <span class='ocrx_word' id='word_1_350' title='bbox 999 3790 1134 3854; x_wconf 81' lang='lat' dir='ltr'>rolumr‘rs</span> <span class='ocrx_word' id='word_1_351' title='bbox 1149 3795 1311 3871; x_wconf 81' lang='lat' dir='ltr'>explicare,</span> 
     </span>
    </p>
   </div>
   <div class='ocr_carea' id='block_1_14' title="bbox 226 3875 1311 3956">
    <p class='ocr_par' dir='ltr' id='par_1_15' title="bbox 226 3875 1311 3956">
     <span class='ocr_line' id='line_1_40' title="bbox 226 3875 1311 3956; baseline 0.003 -18"><span class='ocrx_word' id='word_1_352' title='bbox 226 3903 232 3920; x_wconf 78' lang='lat'><strong><em>¹</em></strong></span> <span class='ocrx_word' id='word_1_353' title='bbox 258 3879 354 3956; x_wconf 81' lang='lat' dir='ltr'>priene</span> <span class='ocrx_word' id='word_1_354' title='bbox 383 3891 481 3941; x_wconf 77' lang='lat' dir='ltr'>tamea</span> <span class='ocrx_word' id='word_1_355' title='bbox 503 3900 621 3956; x_wconf 79' lang='lat' dir='ltr'>semper</span> <span class='ocrx_word' id='word_1_356' title='bbox 640 3882 684 3938; x_wconf 88' lang='lat' dir='ltr'>rel</span> <span class='ocrx_word' id='word_1_357' title='bbox 705 3882 788 3956; x_wconf 76' lang='lat' dir='ltr'>origo</span> <span class='ocrx_word' id='word_1_358' title='bbox 809 3877 1013 3955; x_wconf 78' lang='lat' dir='ltr'>investiganda</span> <span class='ocrx_word' id='word_1_359' title='bbox 1035 3888 1090 3939; x_wconf 88' lang='lat' dir='ltr'>est.</span> <span class='ocrx_word' id='word_1_360' title='bbox 1132 3875 1207 3938; x_wconf 86' lang='lat' dir='ltr'>lmle</span> <span class='ocrx_word' id='word_1_361' title='bbox 1226 3880 1311 3940; x_wconf 81' lang='lat' dir='ltr'>euim</span> 
     </span>
    </p>
   </div>
   <div class='ocr_carea' id='block_1_15' title="bbox 103 4292 242 4352">
    <p class='ocr_par' dir='ltr' id='par_1_16' title="bbox 103 4292 242 4352">
     <span class='ocr_line' id='line_1_41' title="bbox 103 4292 242 4352; baseline 0 -2"><span class='ocrx_word' id='word_1_362' title='bbox 103 4295 173 4351; x_wconf 77' lang='lat' dir='ltr'>’.stt’</span> <span class='ocrx_word' id='word_1_363' title='bbox 191 4292 242 4352; x_wconf 79' lang='grc' dir='ltr'>ὅτι.</span> 
     </span>
    </p>
   </div>
   <div class='ocr_carea' id='block_1_16' title="bbox 20 4402 241 4463">
    <p class='ocr_par' dir='ltr' id='par_1_17' title="bbox 20 4402 241 4463">
     <span class='ocr_line' id='line_1_42' title="bbox 20 4402 241 4463; baseline 0.005 -12"><span class='ocrx_word' id='word_1_364' title='bbox 20 4455 24 4463; x_wconf 75' lang='grc'>,</span> <span class='ocrx_word' id='word_1_365' title='bbox 145 4402 178 4451; x_wconf 82' lang='lat' dir='ltr'>e.</span> <span class='ocrx_word' id='word_1_366' title='bbox 196 4402 241 4452; x_wconf 82' lang='lat'>21.</span> 
     </span>
    </p>
   </div>
   <div class='ocr_carea' id='block_1_17' title="bbox 259 3962 1274 4215">
    <p class='ocr_par' dir='ltr' id='par_1_18' title="bbox 259 3962 1274 4215">
     <span class='ocr_line' id='line_1_43' title="bbox 259 3962 1274 4043; baseline -0.007 -11"><span class='ocrx_word' id='word_1_367' title='bbox 259 3964 376 4032; x_wconf 59' lang='lat' dir='ltr'>&amp;aare</span> <span class='ocrx_word' id='word_1_368' title='bbox 396 3966 589 4043; x_wconf 70' lang='lat' dir='ltr'>comatur,</span> <span class='ocrx_word' id='word_1_369' title='bbox 608 3982 684 4041; x_wconf 88' lang='lat' dir='ltr'>quae</span> <span class='ocrx_word' id='word_1_370' title='bbox 706 3984 776 4026; x_wconf 81' lang='lat' dir='ltr'>vere</span> <span class='ocrx_word' id='word_1_371' title='bbox 797 3968 837 4025; x_wconf 87' lang='lat' dir='ltr'>sit</span> <span class='ocrx_word' id='word_1_372' title='bbox 856 3962 1001 4026; x_wconf 83' lang='lat' dir='ltr'>formulae</span> <span class='ocrx_word' id='word_1_373' title='bbox 1018 3966 1065 4027; x_wconf 78' lang='lat' dir='ltr'>eis</span> <span class='ocrx_word' id='word_1_374' title='bbox 1083 3983 1117 4024; x_wconf 87' lang='lat' dir='ltr'>ec</span> <span class='ocrx_word' id='word_1_375' title='bbox 1137 3970 1274 4041; x_wconf 78' lang='lat' dir='ltr'>potestas.</span> 
     </span>
     <span class='ocr_line' id='line_1_44' title="bbox 626 4138 929 4215; baseline 0.003 -1"><span class='ocrx_word' id='word_1_376' title='bbox 626 4140 668 4214; x_wconf 76' lang='grc' dir='ltr'><em>Ἀ</em></span> <span class='ocrx_word' id='word_1_377' title='bbox 689 4147 709 4214; x_wconf 82' lang='grc' dir='ltr'><strong><em>λ</em></strong></span> <span class='ocrx_word' id='word_1_378' title='bbox 730 4138 762 4213; x_wconf 81' lang='grc' dir='ltr'>λ’</span> <span class='ocrx_word' id='word_1_379' title='bbox 819 4143 840 4213; x_wconf 77' lang='grc' dir='ltr'>ὅ</span> <span class='ocrx_word' id='word_1_380' title='bbox 862 4168 882 4213; x_wconf 74' lang='lat' dir='ltr'>s</span> <span class='ocrx_word' id='word_1_381' title='bbox 903 4173 929 4215; x_wconf 87' lang='grc' dir='ltr'>ι.</span> 
     </span>
    </p>
   </div>
   <div class='ocr_carea' id='block_1_18' title="bbox 259 4290 1310 4469">
    <p class='ocr_par' dir='ltr' id='par_1_19' title="bbox 259 4290 1310 4469">
     <span class='ocr_line' id='line_1_45' title="bbox 341 4290 1310 4387; baseline 0.007 -27"><span class='ocrx_word' id='word_1_382' title='bbox 341 4299 391 4361; x_wconf 85' lang='lat' dir='ltr'>De</span> <span class='ocrx_word' id='word_1_383' title='bbox 411 4304 553 4375; x_wconf 83' lang='lat' dir='ltr'>particula</span> <span class='ocrx_word' id='word_1_384' title='bbox 575 4293 676 4375; x_wconf 78' lang='grc' dir='ltr'>ἀλλά,</span> <span class='ocrx_word' id='word_1_385' title='bbox 698 4300 817 4381; x_wconf 65' lang='lat' dir='ltr'>wado</span> <span class='ocrx_word' id='word_1_386' title='bbox 837 4322 892 4377; x_wconf 87' lang='lat' dir='ltr'>pro</span> <span class='ocrx_word' id='word_1_387' title='bbox 915 4291 937 4387; x_wconf 82' lang='grc' dir='ltr'>ἢ</span> <span class='ocrx_word' id='word_1_388' title='bbox 958 4310 1025 4378; x_wconf 87' lang='lat' dir='ltr'>post</span> <span class='ocrx_word' id='word_1_389' title='bbox 1049 4294 1111 4369; x_wconf 77' lang='grc' dir='ltr'>οὐκ</span> <span class='ocrx_word' id='word_1_390' title='bbox 1132 4290 1224 4375; x_wconf 62' lang='lat' dir='ltr'>cillo,</span> <span class='ocrx_word' id='word_1_391' title='bbox 1246 4290 1310 4382; x_wconf 70' lang='grc' dir='ltr'>οὒκ</span> 
     </span>
     <span class='ocr_line' id='line_1_46' title="bbox 259 4376 1309 4469; baseline -0.002 -20"><span class='ocrx_word' id='word_1_392' title='bbox 259 4376 478 4469; x_wconf 60' lang='lat' dir='ltr'>&amp;receperitis</span> <span class='ocrx_word' id='word_1_393' title='bbox 490 4406 557 4451; x_wconf 84' lang='lat' dir='ltr'>esee</span> <span class='ocrx_word' id='word_1_394' title='bbox 567 4386 728 4467; x_wconf 82' lang='lat' dir='ltr'>rideretur,</span> <span class='ocrx_word' id='word_1_395' title='bbox 740 4404 831 4465; x_wconf 81' lang='lat' dir='ltr'>repre</span> <span class='ocrx_word' id='word_1_396' title='bbox 846 4387 1025 4467; x_wconf 80' lang='lat' dir='ltr'>explicatum</span> <span class='ocrx_word' id='word_1_397' title='bbox 1039 4396 1084 4453; x_wconf 83' lang='lat' dir='ltr'>eet</span> <span class='ocrx_word' id='word_1_398' title='bbox 1099 4410 1130 4467; x_wconf 84' lang='lat' dir='ltr'>p.</span> <span class='ocrx_word' id='word_1_399' title='bbox 1143 4392 1194 4451; x_wconf 73' lang='lat'>42.</span> <span class='ocrx_word' id='word_1_400' title='bbox 1207 4408 1238 4465; x_wconf 87' lang='lat' dir='ltr'>p.</span> <span class='ocrx_word' id='word_1_401' title='bbox 1252 4389 1309 4451; x_wconf 77' lang='lat' dir='ltr'>ts.</span> 
     </span>
    </p>
   </div>
   <div class='ocr_carea' id='block_1_19' title="bbox 0 0 1430 4842">
    <p class='ocr_par' dir='ltr' id='par_1_20' title="bbox 0 0 1430 4842">
     <span class='ocr_line' id='line_1_47' title="bbox 0 0 1430 4842; baseline 0 6"><span class='ocrx_word' id='word_1_402' title='bbox 0 0 1430 4842; x_wconf 95' lang='lat' dir='ltr'> </span> 
     </span>
    </p>
   </div>
  </div>
 </body>
</html>
