2850 4842
303 480 370 553 288
618 476 684 563 ri,
709 474 764 565 Ιγέ
790 476 1038 561 rumperis.

306 653 494 735 Quemquam
525 652 558 709 in
588 648 659 707 locis
695 645 744 707 his
772 647 908 706 omnibus
937 647 1080 722 perticnls
1111 645 1149 729 γε’
1176 650 1361 726 singularem

306 757 406 798 vocem
428 735 531 810 hebet,
555 752 642 809 quem
662 730 783 807 efferet,
805 751 860 805 per
883 751 1004 805 eumque
1027 732 1143 791 densum
1164 754 1272 792 rocem
1293 758 1360 810 per·

307 825 381 880 tinet
409 820 446 879 ed
473 820 740 893 interrogationem.
788 812 835 872 lte
865 813 902 873 de
930 812 977 873 his
1006 816 1126 890 quidem
1154 820 1228 876 locis
1258 827 1360 878 nostro

306 914 437 980 tempore
456 902 520 961 lere
542 902 664 960 desitum
687 906 731 959 est
752 897 888 957 debitori.
999 962 1005 971 ,

389 986 486 1045 Multo
513 984 659 1043 difficilior
685 986 818 1057 qaeestio
847 990 892 1041 est
919 982 956 1040 de
981 984 1045 1042 istis
1071 983 1164 1058 locis,
1192 988 1227 1043 in
1249 989 1357 1060 quibus

304 1068 342 1152 pe*
371 1069 513 1146 particule
539 1072 581 1126 ita
610 1070 797 1143 posite'est,
826 1074 858 1124 ut
887 1088 948 1125 non
976 1070 1070 1141 possit
1094 1070 1202 1127 relerri
1232 1074 1293 1129 uisi
1320 1073 1356 1131 ud

304 1156 336 1213 id
369 1158 465 1230 ipsum
500 1154 640 1227 verbnm,
677 1154 708 1209 in
739 1171 797 1225 quo
830 1153 995 1208 continetur
1022 1153 1227 1227 interrogatio.
1278 1154 1356 1214 Nem

303 1236 359 1297 hos
392 1238 511 1312 quidem
543 1236 622 1294 locos
654 1232 760 1293 Petrus
791 1232 951 1293 Elmsleins
983 1236 1115 1297 cumsed
1143 1236 1354 1311 Aristophanis

303 1323 430 1381 Ache-ru.
450 1342 498 1389 ,ι
531 1324 600 1389 307.
638 1326 700 1377 tum
736 1319 877 1392 ampliore
914 1317 1101 1377 adnotatione
1135 1321 1172 1377 ad
1202 1320 1354 1396 Euripidis

303 1406 437 1463 Medoorn
467 1423 497 1462 v.
532 1406 622 1461 1³34.
658 1424 688 1477 p.
719 1407 781 1460 286
809 1422 856 1476 sq.
885 1422 984 1460 omnes
1016 1422 1056 1461 ex
1083 1402 1256 1462 Atticorum
1287 1410 1355 1465 scri·

303 1492 363 1563 ptis
404 1485 548 1545 tollendos
579 1486 797 1561 ¹enitrtrrnsevit,
838 1487 917 1543 cuins
951 1488 1075 1561 vestigia
1107 1484 1145 1547 G.
1178 1486 1353 1548 Dindorlius

302 1592 398 1647 nuper
419 1575 459 1629 ite
480 1572 586 1645 pressit
606 1574 639 1629 in
662 1568 786 1629 Henrici
810 1565 956 1644 Stephani
980 1571 1124 1630 liresuuro
1147 1574 1279 1631 Graecos
1299 1576 1354 1631 lin-

302 1676 375 1732 9uoc
400 1652 471 1712 Vol.
493 1652 532 1712 ll.
558 1676 586 1729 p.
612 1657 682 1711 nst.
708 1652 751 1711 Α.
774 1650 831 1728 Β.,
858 1661 890 1711 ul
917 1657 980 1727 ipse
1009 1674 1125 1729 quoque
1153 1660 1256 1728 paucis
1282 1658 1352 1717 locis

304 1759 369 1799 eum
391 1737 504 1797 dicendi
526 1740 668 1796 retioncm
687 1734 808 1796 Graecis
830 1738 1001 1796 concederet
1021 1758 1053 1795 ec
1068 1742 1282 1799 recentioribus
1301 1764 1352 1815 po·

305 1825 454 1880 lissumnm
473 1822 633 1880 vindicaret
653 1823 849 1895 scriptoribus,
871 1823 907 1879 eb
926 1823 1140 1894 antiquioribus
1157 1823 1223 1881 fere
1241 1826 1353 1883 ebiudi·

303 1916 388 1965 caret.
412 1906 479 1984 era
492 1906 523 1963 in
537 1898 568 1965 rb
580 1914 690 1963 rectum
703 1905 839 1963 iudicium
854 1906 911 1963 riri
926 1904 1090 1963 doctissumi
1107 1905 1254 1966 desidero.
1275 1906 1350 1967 Nam

304 2010 479 2065 quemquem
499 1990 551 2047 illu
572 2010 631 2062 res,
653 1992 677 2048 si
696 2008 845 2048 numerum
862 1986 992 2047 locorum
1006 1983 1217 2067 computemus,
1238 1991 1349 2067 uliquid

301 2077 367 2133 reri
389 2073 586 2133 similitudinis
610 2071 719 2132 habere
738 2073 863 2147 videtur,
885 2081 981 2131 tumen
1002 2073 1055 2130 ille
1077 2076 1123 2132 vir
1137 2095 1191 2132 nec
1205 2079 1348 2135 rationem

302 2160 365 2218 eius
389 2160 434 2216 rei
460 2152 584 2217 reddidit
611 2166 640 2215 et
665 2160 696 2214 in
723 2176 758 2215 eo
786 2152 976 2215 vehementer
998 2159 1126 2232 errarit,
1156 2158 1236 2232 quod
1262 2180 1348 2235 quom

300 2244 484 2316 paucioribus
514 2242 584 2301 locis
613 2260 629 2298 e
657 2242 808 2301 veteribus
831 2238 952 2299 Greecis
977 2237 1013 2320 γὲ
1033 2242 1205 2314 perticulam
1225 2242 1264 2301 ed
1284 2246 1347 2318 ipse

300 2328 537 2402 interrogationis
557 2322 647 2384 rerbe'
665 2324 825 2399 adpositam
844 2324 964 2383 vidisset
979 2324 1009 2381 id
1028 2325 1141 2384 dicendi
1155 2347 1248 2400 genus
1262 2348 1346 2400 pror·

300 2428 351 2472 eus
372 2412 585 2483 antiquioribus
606 2412 797 2481 scriptoribus
817 2409 1012 2482 improbatum
1028 2408 1120 2469 luisse
1136 2413 1346 2484 pronuntiavit.

387 2492 449 2570 Qui
477 2494 556 2550 enirn
583 2492 791 2550 recentioribus
812 2495 998 2567 scriptoribus
1020 2491 1099 2551 huuc
1121 2494 1261 2567 loquendi
1282 2515 1346 2553 rnn-

300 2572 368 2633 dum
387 2574 527 2649 concedit,
546 2577 572 2633 is
594 2574 746 2649 profitetur
761 2572 882 2633 Greecis
904 2579 1034 2634 omniuo
1046 2576 1159 2634 licuisse
1177 2579 1217 2635 itu
1232 2576 1343 2650 dicere,

300 2679 371 2734 ergo
388 2659 566 2731 antiquiores
583 2658 699 2731 qnoque
711 2660 868 2732 scriptores
885 2662 924 2717 ita
939 2661 1021 2733 loqui
1038 2662 1171 2735 potuisse.
1213 2659 1261 2719 lte
1273 2662 1344 2719 illos

298 2744 388 2801 etium
416 2743 529 2801 locutos
558 2761 638 2815 esse,
668 2762 757 2815 qrrom
785 2755 897 2800 teceunt
925 2742 978 2800 huc
1002 2744 1038 2801 de
1061 2764 1090 2802 re
1110 2754 1223 2803 veteres
1244 2766 1345 2819 greum

298 2828 412 2900 metici,
437 2824 533 2883 nullos
558 2835 674 2899 praeter
697 2825 787 2883 libros
809 2837 896 2885 testes
920 2825 1030 2885 habere
1050 2846 1214 2901 possumus.
1258 2828 1343 2887 Nunc

299 2920 396 2968 eutem
424 2930 512 2984 quom
541 2911 608 2968 libri
635 2908 734 2967 multis
760 2912 793 2969 in
814 2911 885 2969 locis
907 2921 956 2969 eut
977 2932 1076 2970 ornnes
1099 2923 1147 2970 urst
1164 2914 1238 2971 setis
1258 2913 1342 2971 multi
1422 2961 1423 2976 ,

298 2996 429 3067 setisque
460 2994 531 3053 certi
559 3002 715 3067 testentur,
743 2996 829 3053 etiem
858 3002 973 3054 veteres
999 2997 1040 3053 ite
1067 2996 1177 3054 locutos
1199 3016 1282 3070 esse,
1310 3006 1341 3054 ut

297 3079 468 3151 perticulam
501 3072 539 3158 γὲ
572 3096 636 3135 cunr
665 3080 731 3152 ipso
762 3080 971 3155 interrogativo
1002 3082 1093 3138 verbo
1124 3090 1339 3155 componerent,

298 3162 368 3237 quid
387 3181 507 3243 neussee
526 3164 635 3237 poterit
654 3178 728 3235 esse,
749 3180 801 3220 cur
820 3170 919 3220 tannen
933 3162 962 3221 id
978 3182 1042 3223 esse
1057 3164 1164 3223 lectum
1179 3168 1338 3240 uegenrus‘.t

382 3244 527 3320 Optumus
548 3253 644 3305 eutem
665 3245 757 3305 libros
777 3248 809 3303 in
830 3244 876 3305 luis
895 3246 968 3305 locis
990 3255 1077 3306 testes
1098 3246 1255 3321 hebernus,
1286 3248 1337 3320 qui

294 3330 418 3402 probent
440 3332 481 3387 ite
505 3332 592 3403 etiem
617 3336 729 3387 veteres
753 3329 885 3403 dixisse,
915 3339 944 3388 et
966 3327 1143 3406 Sophoclem
1167 3332 1285 3407 quidem
1306 3332 1338 3387 in

298 3414 404 3487 Oedipo
428 3412 546 3471 Uoluseno
566 3433 593 3471 v.
619 3417 691 3473 982.
716 3412 762 3471 ed.
784 3411 888 3471 Herm.
917 3414 984 3473 libri
1010 3436 1111 3475 omnes
1135 3424 1277 3477 testentur
1297 3416 1339 3474 sic

293 3494 421 3552 locutum
444 3487 521 3570 esse,
543 3498 592 3555 nbi
615 3493 687 3556 heec
708 3498 798 3557 verbe
820 3494 981 3556 habentur:
1043 3550 1046 3555 .

430 3612 466 3661 et
485 3606 514 3661 δ’
535 3598 570 3662 αὖ
587 3612 686 3680 φανεὶς
704 3606 844 3677 δύστηνος,
863 3607 901 3671 ὥς
917 3601 971 3681 lyei
986 3607 1101 3683 ’φάνηη

433 3680 472 3735 εἷς
484 3682 582 3745 χεῖρας
600 3668 687 3762 ilion
705 3682 790 3748 πατρὶ
806 3682 852 3731 καὶ
869 3685 1043 3739 κατέκτανον.

430 3746 519 3814 μηδὲν
536 3749 637 3805 ξυνιεὶς
654 3764 695 3798 ων
704 3746 812 3829 τἔδρων,
830 3752 869 3806 ele
885 3745 933 3807 οὓς
950 3746 973 3805 τ’
995 3747 1094 3819 ἔδρων,

429 3816 488 3872 πῶς
504 3810 532 3881 γ’
552 3808 588 3867 ἂν
605 3808 635 3866 eri
652 3812 678 3882 γ’
700 3832 770 3867 «κον
787 3813 895 3888 πρᾶγμ’
915 3812 951 3869 ἂν
969 3813 1077 3877 εἰκότως
1095 3817 1210 3885 ψέγοις

292 3938 351 3993 quo
378 3918 411 3975 iu
438 3916 502 3975 loco
519 3938 579 3997 ,cur
603 3924 703 3977 contra
729 3925 859 3982 omnium
885 3921 1025 3981 librorum
1042 3908 1249 3981 ⁴testimouium
1269 3938 1333 3994 ptr·

291 4001 407 4060 ticulum
437 3997 473 4081 γὲ
502 4007 569 4075 post
590 4000 664 4087 πῶς
686 4025 751 4061 cnm
776 4003 865 4066 Petro
889 4004 1034 4065 Elmsleio
1059 4004 1228 4077 deleamus,
1253 4002 1328 4061 nulls

291 4094 334 4144 est
358 4086 441 4146 retis·
485 4082 561 4166 Quis
580 4088 666 4144 ‘enim
687 4087 826 4169 librarius
848 4099 961 4164 poterut
982 4090 1151 4162 perticulam
1172 4088 1328 4147 difficiliore

288 4169 384 4227 forma
398 4171 539 4244 cretionis
551 4170 698 4245 adponere
711 4180 777 4246 post
790 4172 874 4246 πῶς,
888 4174 1063 4247 praesertim
1074 4194 1139 4231 cum
1152 4174 1248 4231 eedem
1261 4187 1328 4249 per}

288 4253 376 4308 ticule
395 4272 466 4311 mox
487 4257 688 4327 repeteretur?
726 4252 841 4316 Verum
857 4259 946 4333 igilur
960 4254 998 4315 G.
1013 4254 1179 4315 Hermsnui
1196 4252 1327 4314 iudicium

288 4340 346 4406 ert,
376 4336 426 4407 qui
447 4336 570 4395 eundem
590 4334 763 4413 perticnlern
785 4348 823 4401 et.
833 4344 932 4417 priore
952 4348 983 4403 et
1003 4340 1095 4401 eltero
1115 4340 1180 4401 loce
1202 4336 1328 4409 retinuit,
