2850 4842
437 431 557 506 ἀλλὰ
589 435 811 543 (ἐπίμετρρν).
1103 440 1145 510 91

38 656 45 665 ·
92 614 220 674 Etenim
239 614 306 685 ipsa
326 610 374 669 vis
394 610 537 669 orationis
557 612 657 683 potius
672 598 781 683 ditor
793 630 829 671 ue
848 602 913 682 sai,
935 628 1022 687 mam
1037 602 1145 687 ἄλλως

96 720 134 761 τε
154 696 214 755 boc
234 696 300 753 loco
320 695 473 767 requirere
494 693 620 769 videtur,
641 714 730 769 quom
750 712 809 751 nou
830 693 955 751 dicatur:
983 696 1043 753 oud
1062 696 1145 753 iiber-

96 784 188 851 dicss,
214 798 298 838 soona
316 782 358 835 sie
379 795 435 851 pur
454 778 524 835 uicto
543 779 632 835 dabra
653 778 723 847 teos,
746 776 797 836 sed
818 780 915 853 potius
937 778 1051 838 brunus
1071 778 1146 837 iliud

93 886 127 923 ao
149 865 247 937 tnagis
270 861 441 921 definitum:
464 861 655 919 sanaturus
668 869 718 917 eto.
762 858 948 939 Quamquam
967 883 1026 920 uon
1043 866 1145 937 probo,

8 969 9 1012 t
94 948 175 1022 quod
204 944 292 1003 lmm.
321 942 479 1003 Betthorus
503 944 555 1002 ilio
583 945 646 1001 ioco
677 943 787 1001 edidit:
830 936 937 1019 ἄλλως
963 966 1000 1007 τε
1029 944 1086 1009 καὶ
1115 941 1146 1009 ed

8 1097 9 1102 ἵ
91 1025 212 1094 πολλὰ
235 1025 292 1110 ἔτη
314 1022 410 1109 βιῴη,
431 1048 472 1085 ex
494 1036 629 1101 quattuor
647 1028 740 1097 libris,
762 1029 845 1087 bonis
867 1028 927 1085 illis
942 1029 1071 1103 quidem,
1093 1030 1146 1090 sed

8 1115 9 1128 ¹
95 1127 195 1173 tamen
223 1133 242 1169 a
264 1111 444 1185 reliquorum
466 1112 608 1169 librorum
629 1113 798 1170 auctoritate
819 1111 979 1185 destitutis,
1008 1116 1062 1187 qui
1080 1113 1145 1173 sere
1197 1137 1219 1161 u

8 1193 9 1248 i
93 1218 200 1257 uruues
224 1203 346 1254 tuentur
371 1195 518 1269 volgatam
545 1198 732 1267 scripturam
764 1189 872 1267 ἄλλως
894 1214 930 1256 co
954 1188 1013 1257 adv
1034 1195 1145 1260 πολλὰ

96 1276 151 1361 ἔτη
173 1272 275 1362 βιῴη.
319 1276 439 1337 Etenim
459 1282 486 1337 si
506 1279 547 1353 id,
570 1277 648 1352 quod
668 1281 784 1352 scripsit
803 1276 963 1337 Bebkerns
983 1281 1145 1353 antiquitus
1227 1328 1230 1337 .

95 1366 230 1423 inlibris
248 1365 365 1435 suisset,
382 1380 471 1436 quom
486 1365 579 1420 oratio
594 1365 637 1419 ita
653 1370 771 1435 optume
787 1360 966 1436 proaederet,
985 1382 1044 1423 nou
1061 1364 1145 1423 oredo
1180 1396 1184 1399 ·

96 1467 275 1524 quemquam
295 1445 456 1520 quidquam
473 1447 504 1503 in
523 1466 558 1505 eo
576 1448 717 1521 scriptura
735 1454 913 1502 mutaturum
926 1446 1026 1504 fuisse.
1068 1444 1146 1506 Illud

98 1545 211 1606 autern,
243 1529 321 1604 muod
350 1531 437 1605 volgo
467 1529 637 1604 legebaturs
671 1525 779 1601 ἄλλως
806 1548 841 1589 τε
870 1520 930 1589 κᾶν
957 1524 1068 1591 πολλὰ
1090 1523 1146 1614 ἔτη

8 1613 9 1616 “
96 1609 196 1699 βιῴη,
223 1620 383 1688 propterea
402 1613 521 1671 videtur
537 1612 694 1671 offensioni
714 1611 822 1683 fuisse,
845 1610 933 1685 quod,
956 1615 1007 1685 qui
1028 1613 1146 1673 intelle·

98 1704 248 1773 gentiores
278 1706 375 1755 esseut
398 1697 530 1773 librarii,
555 1713 615 1753 nou
636 1697 700 1755 fere
725 1698 884 1769 optatitum
906 1704 973 1769 post
995 1688 1056 1756 niis
1077 1717 1145 1771 par·

98 1782 216 1841 ticulum
250 1782 324 1839 ferri
356 1781 475 1839 veilent.
539 1775 642 1854 Itaque
673 1780 725 1836 aiii
757 1798 811 1851 pro
843 1772 929 1861 βιῴι]
962 1782 1146 1852 scribendum

100 1869 355 1944 existumaveruut
378 1865 459 1947 βιῷ,
491 1864 570 1938 quod
597 1862 798 1922 edidit·etiam
818 1858 859 1920 H.
882 1860 1068 1939 Stephanus,
1095 1866 1147 1927 atii

98 1949 238 2007 audacius
267 1951 435 2020 estampro
464 1942 572 2020 ἄλλως
600 1967 636 2008 τε
664 1938 739 2018 uda,
770 1947 950 2020 scripserunt
975 1938 1084 2023 ἄλλως
1110 1970 1147 2013 ca
1190 1962 1192 1968 '

99 2029 154 2093 καὶ
184 2025 230 2094 εἷ.
273 2027 353 2089 Vide
383 2050 465 2103 eam,
496 2045 584 2104 quam
611 2027 637 2086 I.
659 2026 817 2111 Bekkerus
844 2050 883 2088 ex
908 2031 993 2089 libris
1018 2037 1147 2092 enotavit

97 2116 236 2173 lectionis
256 2118 428 2173 varietatem
445 2109 514 2171 Vol.
532 2112 557 2171 1.
573 2135 604 2186 p.
620 2117 690 2170 383.
735 2110 822 2171 Unde
842 2116 930 2171 etiam
950 2115 1060 2172 sactum
1081 2134 1146 2175 esso

97 2198 227 2272 ridetur,
248 2200 333 2256 utin
356 2198 463 2256 librom
476 2194 696 2271 Tubiugenaem
716 2198 843 2268 ueniret,
864 2199 982 2253 traiecta
1002 2201 1035 2255 in
1057 2200 1148 2258 atium

100 2282 197 2341 locum
219 2283 361 2357 particula
386 2274 432 2351 εἰ,
452 2274 560 2351 ἄλλως
578 2300 615 2338 τε
638 2272 667 2338 εἰ
690 2274 756 2347 καί,
779 2277 857 2353 quod
880 2300 970 2353 quom
987 2283 1147 2359 probasset,

101 2374 134 2423 ut
156 2367 300 2439 vidimus,
329 2363 367 2421 (i.
389 2364 579 2421 Hermanuus
603 2360 640 2418 ud
660 2356 975 2436 Vigcrnm,‚videtur
996 2364 1034 2423 G.
1057 2365 1148 2425 Stall-

102 2450 234 2507 baumius
259 2450 292 2506 iu
322 2448 661 2519 oratiouem'recepisse.
704 2442 812 2520 Neque
834 2450 912 2504 euim
937 2447 1040 2526 credo,
1069 2452 1147 2527 quod

100 2535 239 2605 suspicati
271 2534 415 2589 triumviri
447 2532 492 2588 itti
523 2540 614 2604 sunt,
648 2548 722 2603 qnos
754 2550 842 2605 supra
874 2529 1008 2596 Platonis
1040 2540 1147 2611 scripta

101 2615 212 2674 edenda
234 2619 401 2689 suscepisse
420 2617 590 2687 memoravi,
611 2616 662 2688 qui
679 2614 796 2686 quidem
810 2617 869 2689 ipsi
883 2637 1014 2693 quoque:
1038 2614 1147 2695 ἄλλως

100 2720 136 2760 τε
159 2696 215 2761 καὶ
238 2692 269 2760 εἶ
291 2694 401 2760 πολλὰ
424 2692 480 2781 ἔτη
502 2692 606 2779 βιῴη,
637 2696 806 2772 ediderunt,
835 2720 938 2774 operas
960 2700 1147 2767 Staiibaumii

102 2783 202 2840 errore
223 2785 267 2841 sic
287 2786 447 2856 scripsisse.
490 2776 566 2839 lllud
586 2781 723 2856 denique,
746 2782 822 2857 quod
839 2803 894 2858 ego
908 2789 1017 2858 probor
1039 2782 1147 2865 ἄλλως

102 2886 140 2925 τε
169 2857 230 2926 κᾶν
259 2862 365 2927 πολλὰ
391 2858 448 2945 inp
475 2859 577 2947 βιῴη,
606 2884 691 2923 nemo
718 2864 825 2924 salsum
848 2874 1064 2945 pronuntiabit,
1079 2877 1146 2949 ,qui

101 2950 271 3007 meminerit
296 2946 365 3008 baec
391 2951 480 3008 verba
506 2968 547 3006 ex
573 2947 671 3005 mente
698 2952 761 3007 eius
789 2951 861 3025 dici,
892 2972 978 3027 quem
1006 2959 1062 3015 sibi
1090 2956 1147 3016 hoc

100 3032 164 3090 loco
189 3036 231 3108 is,
264 3036 314 3108 qui
334 3034 479 3109 loquitur,
509 3031 597 3104 fingit
617 3031 833 3107 adversarium,
860 3046 892 3091 ut
912 3041 1059 3110 optativus
1079 3052 1146 3113 post

100 3119 276 3189 particulam¹
301 3108 341 3179 iio
368 3120 480 3192 quippe
499 3118 685 3173 in·oratioue
708 3117 827 3187 obliqua
849 3122 1019 3178 rectissume
1039 3140 1072 3179 se
1093 3122 1147 3181 ba·

101 3201 177 3258 beat.
229 3198 318 3273 Cous.
350 3199 390 3260 G.
420 3200 608 3259 Hermannus
637 3202 680 3254 De
702 3200 846 3275 porticulo
869 3192 908 3260 iio
939 3222 970 3275 p.
998 3208 1057 3261 148
1079 3226 1162 3296 sqq..

103 3283 270 3359 Apparebit
291 3292 393 3344 ‘autem
418 3283 457 3343 R.
482 3281 677 3356 Kiibuerurn,
710 3301 797 3355 quom
825 3286 941 3357 unicum
966 3285 1054 3345 buius
1078 3309 1146 3347 susus

102 3370 310 3440 particularum
331 3361 439 3441 ἄλλως
459 3388 494 3429 τε
519 3366 687 3440 exemplum
709 3375 832 3439 poneret
856 3370 887 3424 in
913 3370 962 3425 Gr.
987 3372 1036 3428 Gr.
1060 3374 1147 3447 aocpt.

103 3471 131 3523 p.
153 3457 245 3527 m,
277 3474 340 3511 nou
369 3463 447 3513 recta
475 3452 599 3527 iecisse,
629 3448 708 3524 quod
737 3444 816 3508 buno
841 3454 1034 3525 potissumum
1053 3457 1147 3517 locum

103 3534 249 3637 selegerit.
296 3597 300 3603 ,

486 3724 766 3821 Ἐπίμετρον

332 3866 623 3946 att-caput
684 3868 924 3949 primum.

125 4076 127 4079 -
182 4030 252 4092 Etsi
275 4052 316 4091 cx
337 4036 388 4107 iis,
411 4054 485 4109 quae
509 4033 544 4095 de
566 4039 705 4096 universo
728 4038 887 4111 particulae
909 4032 994 4102 ἀλλὰ
1016 4060 1071 4098 usu
1093 4038 1150 4099 dio
1209 4042 1292 4099 Ἀλλὰ

105 4120 292 4191 putavimus,
320 4120 390 4176 satis
419 4122 589 4196 apparebit,
623 4141 710 4196 quem
732 4122 769 4180 od
791 4123 909 4181 modum
930 4124 987 4181 ista
1007 4126 1150 4199 particula
1166 4118 1334 4201 iniuideam-

106 4203 193 4258 etiam
210 4206 245 4274 in
262 4220 301 4259 oo
321 4220 430 4276 genere
455 4208 605 4282 orationis,
627 4206 664 4265 de
689 4224 747 4280 quo
769 4226 828 4264 nou
847 4205 973 4265 diximus
994 4214 1151 4283 separatim
1207 4198 1297 4241 *Μ’

106 4284 139 4343 in
157 4285 358 4363 disputatione
375 4294 487 4367 nocua,
506 4290 679 4368 explicanda
694 4291 750 4369 sit,
767 4298 916 4369 tamenne
931 4293 1003 4369 quid
1019 4295 1151 4357 omisisse
