2850 4842
419 622 426 629 ,
532 546 657 619 ἀλλά.
1076 558 1118 623 33

67 734 184 803 amnt,
203 730 267 785 erat
285 724 464 808 iudicatura:
487 721 563 783 nibil
585 727 666 783 enim
685 746 725 785 ne
745 722 784 786 in¹
796 726 1038 803 populiquidcm
1058 749 1120 789 ser·

69 832 163 871 mone
185 812 345 885 quidquam
365 812 429 869 siue
450 802 549 867 oau‘ssa
572 830 711 883 umquam
733 810 842 870 iactuum
863 822 922 872 est:
948 822 1010 871 tum
1031 816 1120 872 etiam

70 894 132 953 boc
156 916 217 964 nou
244 892 417 969 ostendunt,
444 896 496 968 qui
517 892 583 951 fleri
603 896 747 969 potuerit,
776 905 808 953 ut
831 898 863 953 in
885 906 942 954 tam
965 907 1033 971 apte
1051 918 1121 957 cun-

72 982 181 1038 iuuctis
203 981 303 1037 verbis
324 978 435 1053 duplex
447 986 615 1035 nasceretur
629 982 813 1053 constructio,
837 981 913 1053 (quod
931 987 991 1037 tum
1005 980 1121 1039 demum

72 1061 230 1137 probabile
262 1070 357 1135 esset,
388 1064 416 1120 ui
447 1070 515 1135 post
542 1064 673 1134 priorem
701 1064 874 1135 porticulum
900 1065 998 1137 aliqua
1029 1066 1121 1123 verba

73 1148 229 1206 interiecta
257 1153 353 1203 essent
379 1153 408 1203 et
429 1148 470 1202 sie
495 1144 611 1201 dcuusm
633 1155 803 1221 pergeretur
827 1147 863 1204 ad
883 1147 1036 1205 alterum·
1059 1148 1122 1227 Qui

75 1241 176 1290 autem
196 1233 296 1288 statuit
308 1231 382 1288 ‘esse
402 1231 530 1303 primunr
551 1220 642 1297 diter
655 1250 708 1303 per
730 1251 762 1289 sc
784 1230 992 1307 accipiendum,
1014 1230 1121 1291 deinde

74 1315 251 1391 particulam
280 1304 301 1396 ἢ
326 1334 379 1388 per
401 1311 546 1388 (putandam
568 1313 685 1387 ellipsin
707 1314 925 1388 explicandam,
952 1316 979 1373 is
1003 1315 1122 1388 quidem

77 1399 109 1458 id
131 1399 247 1471 statuit,
271 1398 349 1471 quod
372 1416 425 1470 per
448 1416 482 1454 ue
503 1398 636 1470 iueptum
656 1418 716 1454 non
739 1398 870 1472 est,·aed
891 1409 988 1455 tamen
1009 1398 1123 1473 aliquid

77 1484 180 1558 pouit,
209 1482 287 1555 qued
315 1480 396 1537 nullo
423 1480 510 1538 medo
531 1480 650 1538 concedi
671 1490 775 1554 potest·
819 1479 897 1541 Num
919 1502 1005 1540 neme
1024 1484 1056 1539 iu
1077 1481 1124 1543 bis

77 1568 151 1626 locis
178 1566 286 1639 poterit
307 1564 455 1634 diuinare,
484 1564 570 1637 quale
589 1564 661 1621 illud
681 1566 843 1623 membrum
865 1566 1124 1642 orationis'suerit,

80 1647 162 1725 quod
187 1650 324 1707 omissum
346 1668 410 1707 esse
431 1647 558 1722 dicatur,
586 1647 677 1721 idque
702 1669 737 1707 co
763 1650 858 1706 miuus
879 1650 997 1723 probari
1017 1659 1125 1724 potest,

81 1732 162 1809 quod
187 1733 330 1807 particula
360 1724 381 1815 ἢ
410 1752 570 1810 numqupm
593 1732 665 1790 alias
686 1732 778 1791 stmtti
800 1732 897 1808 ellipsi
920 1732 1047 1793 adbibita
1068 1744 1125 1809 est,

83 1836 180 1893 neque
204 1817 294 1875 talem
320 1836 375 1890 per
402 1835 435 1874 ac
461 1816 705 1891 significationem
725 1814 831 1891 habet,
859 1818 953 1893 qualia
979 1827 1023 1878 est
1044 1838 1071 1877 e.
1094 1839 1124 1894 g.

83 1898 211 1961 Latluab
231 1898 391 1974 particulae
411 1900 464 1957 ecl.
508 1897 559 1957 Sic
573 1900 659 1959 facile
674 1900 854 1976 intellegitur
869 1903 921 1959 rix
938 1922 1024 1977 posse
1038 1905 1125 1961 istam

83 1976 249 2061 explicandi
274 1986 418 2041 rationem
445 2002 500 2056 per
525 2003 557 2041 se
586 1985 681 2042 locum
709 1983 827 2043 babere.
870 1984 959 2066 Quod
987 1988 1012 2044 si
1039 1984 1126 2047 doce·

82 2072 179 2129 biruus
206 2068 329 2126 alteram
359 2066 584 2141 explicationem
613 2089 674 2125 non
703 2068 799 2127 uelum
826 2088 880 2142 per
909 2089 941 2128 se
970 2068 1127 2129 admodum

83 2152 266 2230 probabilem
292 2171 373 2223 esse,
403 2171 506 2209 rerum
532 2152 665 2210 omnibus
688 2154 778 2210 etiam
798 2150 871 2209 locis
893 2161 970 2211 recte
993 2152 1128 2212 adbiberi
1154 2148 1169 2211 J

83 2258 186 2314 posue,
211 2238 275 2308 quis
295 2234 411 2293 taudem
434 2234 575 2310 dubitabit
595 2255 670 2309 quae
689 2233 881 2308 ingredienda
902 2237 952 2293 via
972 2237 1030 2293 sict
1072 2234 1129 2293 Et-

84 2324 170 2381 enim
196 2321 220 2377 si
247 2317 301 2377 boc
329 2318 529 2377 contendimus
556 2338 621 2377 esse
646 2317 701 2377 hae
730 2317 887 2392 particulas
912 2309 980 2379 ἀλλ’
1005 2309 1026 2403 ἢ
1052 2317 1131 2377 nibil

83 2402 169 2464 aliud
184 2390 240 2461 dist
262 2392 345 2464 ἄλλο
368 2392 398 2486 ἤ,
416 2404 545 2477 primum
565 2402 646 2460 nulla
665 2401 805 2461 dubitatio
826 2404 931 2476 poterit
946 2420 1020 2477 csse,
1041 2422 1130 2476 (suem

82 2489 123 2549 ud
145 2486 263 2546 modum
281 2484 354 2543 hacc
375 2496 434 2543 tota
453 2489 626 2544 constructio
648 2494 717 2545 nata
738 2488 786 2545 sit.
829 2484 910 2545 Satis
929 2489 1008 2545 euim
1023 2490 1131 2546 usitate

82 2572 160 2633 haec
177 2573 333 2631 verborum
354 2572 524 2644 compositio
546 2579 589 2628 est
607 2558 707 2645 dito-g
721 2558 752 2653 ἥ.
794 2565 912 2629 Deinde
927 2572 1014 2628 ctiam
1027 2590 1130 2632 omues

84 2658 161 2729 loci,
186 2658 219 2713 iu
248 2656 353 2728 quibus
378 2652 435 2712 luae
462 2654 621 2727 particulae
647 2652 807 2728 habentur,
836 2662 973 2730 possunt,
1002 2657 1045 2714 uti
1069 2658 1130 2714 iam

85 2741 196 2799 dictum
225 2748 286 2813 est,
317 2736 374 2796 ltuc
403 2738 490 2795 nrodo
517 2738 664 2797 facillume
691 2738 844 2813 explicari.
892 2736 953 2798 Rea
983 2741 1131 2814 exemplis
1186 2770 1189 2783 ·

84 2824 210 2900 planior
227 2824 282 2879 erit
302 2832 331 2880 et
349 2841 503 2895 possumus
522 2842 539 2877 a
556 2822 733 2881 facilioribus
748 2821 786 2881 ud
797 2820 962 2881 difficiliora
975 2824 1131 2897 proficisci.

174 2902 255 2963 Nam
283 2906 358 2979 quod
381 2904 467 2963 Plato
495 2907 526 2963 iu
554 2905 630 2963 libro
657 2906 690 2963 de
716 2926 748 2965 re
775 2906 888 2981 publice
912 2904 938 2964 1.
969 2904 1047 2965 Part.
1073 2906 1130 2967 lll.

84 2988 151 3051 rol.
173 2987 198 3047 l.
225 3010 256 3062 p.
277 2992 308 3063 9,
331 2990 377 3047 15.
399 2989 444 3049 ed.
469 2985 570 3047 Bclnk.
592 3010 623 3062 p.
647 2994 720 3049 230.
743 2989 788 3047 ed.
809 2986 851 3046 H.
873 2986 979 3063 Stepb.
998 2992 1132 3065 scripsitc

88 3067 250 3135 >catenat
280 3061 338 3134 edu
368 3068 425 3134 καὶ
456 3068 675 3153 συγγενέσθαι
702 3062 804 3143 εἰσίν,
836 3062 931 3136 οὐδὲν
959 3067 1134 3147 ἐθέλοντες
1226 3112 1232 3132 .

87 3154 241 3221 ἐπαινεῖν
261 3146 329 3218 ἀλλ’
353 3146 375 3237 ἢ
396 3150 453 3217 etv
473 3154 640 3226 πλοῦτον,
662 3152 694 3211 id
716 3155 743 3212 si
766 3154 891 3228 primam
911 3157 1134 3215 constructionis
1246 3203 1256 3221 .

87 3241 239 3315 originem
268 3243 451 3314 quaerimus,
480 3239 627 3297 facillume
653 3239 693 3296 sic
718 3236 859 3311 solvitur,
887 3246 919 3296 ut
943 3228 1013 3300 ἀλλ’
1036 3230 1057 3321 ἢ
1079 3244 1137 3312 ρεσ

89 3314 191 3395 dito,
222 3314 244 3406 ἢ
272 3325 395 3397 accipias
424 3326 524 3397 itaque
553 3332 663 3381 vertasz
697 3341 781 3398 quom
807 3321 880 3380 nlltll
905 3322 993 3379 velint
1016 3322 1136 3381 laudere

88 3406 172 3467 uliud
197 3426 284 3483 eptem
313 3406 382 3479 (vel
400 3408 497 3481 potios
519 3411 594 3473 uisi)
621 3408 752 3476 divitica,
783 3424 842 3463 uou
865 3407 950 3478 quasi
970 3402 1025 3464 lroc
1046 3406 1136 3481 plane

87 3490 171 3550 idem
191 3493 232 3548 uit
251 3510 286 3549 ae
305 3492 330 3548 si
351 3492 499 3566 scripserit
513 3488 612 3548 Plato:
637 3480 733 3551 οὐδὲν
751 3476 832 3551 ἄλλο
849 3484 1023 3564 ἐθέλοντες
1038 3486 1137 3553 ἐπαι-

89 3574 168 3643 νεῖν,
188 3566 212 3656 ἢ
233 3568 292 3636 τὸν
311 3570 467 3647 πλοῦτον,
489 3574 541 3633 sed
563 3576 603 3631 ita
625 3581 724 3645 tumen
743 3569 815 3631 baec
835 3569 950 3630 dicendi
972 3576 1046 3633 ratio
1068 3584 1138 3634 natu

91 3665 152 3716 est:
182 3676 259 3729 quoe
287 3677 387 3717 rursus
415 3658 603 3716 collocatione
627 3657 783 3716 verborum
803 3658 844 3713 ita
866 3654 965 3713 differt
988 3659 1024 3714 ab
1046 3656 1139 3717 altera

46 3800 54 3807 ,
88 3743 226 3815 ratione,
250 3748 286 3798 ut
311 3742 338 3799 ai
366 3740 512 3801 dicamus:
550 3733 645 3804 οὗῠὲν
675 3729 757 3801 ἄλλο
785 3734 959 3813 ἐθέλοντες
980 3734 1139 3810 ἐπαινεῖν,

91 3816 114 3907 ἢ
137 3819 195 3885 τὸν
215 3821 372 3895 πλοῦτον,
394 3826 468 3883 illud
489 3816 572 3885 ἄλλο
592 3826 684 3900 magis
707 3824 850 3885 ecferatur
871 3842 968 3897 ueque
990 3822 1085 3881 solum
1102 3823 1140 3881 ad

91 3906 330 3982 intellegentiam
346 3912 501 3969 verborum
516 3908 683 3981 iuvandam,
701 3928 804 3967 verum
816 3928 882 3967 cum
897 3908 997 3981 aliquo
1010 3906 1140 3981 pondere

92 3989 227 4065 accedat,
258 3994 342 4065 quasi
376 4002 478 4052 nostra
503 3993 605 4067 lingua
632 3991 728 4050 dicas:
763 3993 801 4050 du
826 3996 867 4049 eie
896 3994 987 4049 uiciate
1012 3992 1142 4049 Audurus

92 4074 178 4133 tuter
196 4076 309 4148 wolleu,
331 4077 377 4134 ula
398 4078 450 4133 deu
464 4077 639 4134 Reiclrtlumt.
682 4074 739 4133 Sin
760 4077 802 4131 ita
822 4075 979 4148 loquimur,
1001 4073 1142 4148 quemad

93 4157 214 4215 modum
237 4154 322 4217 Plato
343 4160 396 4217 illo
417 4160 484 4217 loco
504 4161 614 4217 locutus
636 4170 695 4218 estc
729 4148 826 4220 οὐδὲν
849 4152 1023 4229 ἐθέλοντες
1044 4153 1141 4219 inac-

94 4242 164 4303 νεῖν
187 4234 257 4303 ἀλλ’
283 4235 303 4326 ἢ
324 4240 382 4306 τὸν
404 4241 566 4312 salcime,
597 4241 651 4300 hoc
679 4242 744 4299 iere
770 4238 889 4297 dicitur:
920 4240 958 4297 du
979 4245 1020 4297 sie
1040 4242 1142 4301 Nteltts

94 4324 176 4383 lobeu
197 4324 316 4395 wollcu,
347 4328 452 4385 audere
473 4327 519 4384 ola
539 4326 791 4393 «terlucentem,
818 4323 867 4382 vel
884 4324 999 4397 potius,
1024 4328 1066 4383 uti
1088 4346 1142 4385 nus

93 4408 223 4469 solemus
242 4410 346 4486 loquio
369 4411 408 4469 du
429 4413 472 4468 aie
489 4411 579 4472 oicltta
599 4409 679 4469 lobeu
699 4408 812 4479 wellen,
834 4408 880 4467 ola
900 4426 955 4466 uter
971 4408 1023 4466 deu
1038 4411 1143 4468 Reiclt-
1252 4442 1260 4459 ·

142 4492 183 4552 ll.
914 4498 933 4550 3
