2850 4842
351 582 353 585 Ι
459 493 575 569 ἄλλο
606 524 650 570 τι
681 492 717 589 ἦ.
1072 506 1115 574 81

68 668 252 743 Χαλδαῖοι,
280 662 303 755 ἢ
329 661 449 732 τούτου
475 690 512 751 γε
540 666 635 734 ἕνεκα
657 664 724 735 rii.
752 674 834 731 tutati
855 683 957 751 erant,
987 695 1061 752 quas
1082 684 1114 737 ut

67 768 140 815 stare
166 764 288 830 posset,
320 762 418 811 tamen
447 754 539 812 multo
568 756 785 829 impeditiorem
818 754 946 821 efficeret
973 758 1114 823 orationis

69 860 189 897 cursum.
233 836 315 897 lllnd
338 839 418 895 enim
438 848 529 897 esset:
558 839 679 897 Aliusne
704 845 760 911 rei,
789 844 894 918 iuquit,
928 863 944 901 o
968 844 1112 915 Gltoldnei,

8 977 9 991 ,
69 927 120 981 nist
142 923 229 981 ltnius
255 918 379 989 causeo?
421 917 503 995 Hoc,
529 922 607 995 quod
629 943 707 980 unno
727 922 851 999 legitur,
876 924 967 983 multo
988 926 1113 991 alacrius

8 1001 9 1083 l
70 1025 129 1063 reru
156 998 320 1079 eloquitur,
353 1011 383 1061 nt
407 996 464 1063 hoc
488 1004 612 1063 dicatur:
651 1006 740 1063 Aliud
761 1006 827 1082 quid
848 1016 903 1077 est,
930 1012 986 1067 nisi
1007 1018 1040 1067 ut
1058 1012 1113 1069 loo

8 1085 9 1104 ¹
66 1089 97 1146 dc
117 1109 221 1147 conaso
246 1107 345 1165 paoem
364 1092 424 1145 inm
441 1088 536 1146 colitis
556 1098 623 1157 eto,
651 1088 766 1147 idest:
799 1093 901 1147 Nonne
920 1091 973 1149 ltno
995 1111 1056 1149 ono
1078 1093 1112 1151 do

8 1203 9 1240 3
69 1192 165 1230 conseo
197 1190 300 1247 paoem
333 1189 407 1227 nuno
437 1172 522 1228 uoltis
549 1175 598 1229 eto.
646 1168 753 1245 Neque
781 1170 904 1230 dubitari
933 1173 993 1231 ullo
1024 1176 1110 1233 modo

8 1255 9 1340 l
67 1263 170 1328 potest,
192 1254 268 1329 quin
289 1255 320 1311 in
344 1250 482 1327 Platonis,
504 1256 554 1327 qui
574 1255 1109 1331 sertur,.11loibiodapriorol’art.ll.

67 1340 123 1396 rol.
150 1336 209 1401 ΠΙ.
244 1360 273 1411 p.
302 1338 379 1410 358,
408 1339 437 1394 5.
466 1337 511 1395 ed.
532 1334 634 1396 Betk.
660 1360 689 1411 p.
713 1343 782 1396 129.
802 1335 841 1396 Β.
873 1337 918 1396 ed.
942 1336 983 1396 H.
1004 1337 1110 1415 Steph.

67 1432 142 1479 recte
162 1442 227 1480 sese
248 1420 375 1478 habeant
395 1421 487 1479 rerba
508 1418 581 1479 haec
593 1411 610 1477 2⁶
644 1410 804 1498 551³er
827 1411 888 1483 οὖνΙ
906 1416 992 1505 πρὸς
1015 1418 1110 1499 Διός.

67 1505 112 1585 τῷ
141 1500 290 1584 διαλέγει
317 1499 357 1565 σὺ
387 1504 460 1577 rim·
490 1494 572 1566 ἄλλο
601 1524 634 1565 τι
661 1495 682 1587 ἢ
711 1499 806 1583 ἕμοίς
856 1502 907 1563 Sic
936 1508 1013 1562 enim
1040 1507 1110 1567 libri

68 1608 164 1647 omnes
185 1588 267 1646 lruno
290 1587 385 1644 locum
406 1590 546 1660 scriptum
569 1586 720 1661 exhibent,
739 1589 795 1645 uisi
813 1587 896 1661 ,qnod
917 1586 991 1646 liber
1011 1587 1109 1649 Paris.

67 1668 138 1743 lieg.
163 1678 257 1731 1811.
291 1690 309 1726 a
336 1673 495 1729 recentiore
521 1692 610 1728 mauu
631 1670 720 1729 habet
740 1660 831 1731 dito
852 1665 930 1738 τινί,
963 1692 1048 1746 quem
1070 1674 1108 1733 ad

66 1755 179 1811 modum
209 1758 302 1813 etiam
328 1751 369 1810 Η.
396 1751 565 1827 Stephanus
593 1754 723 1813 ediderat
750 1752 855 1812 locum.
898 1747 995 1813 Multo
1020 1760 1107 1815 etiarn

69 1837 185 1897 alacrior
213 1859 311 1897 sermo
333 1844 392 1911 est,
423 1840 450 1896 si
472 1838 591 1895 dieitur:
624 1838 673 1920 τῷ
695 1832 840 1915 διαλέγει
861 1832 902 1899 σὺ
922 1838 995 1913 νῦνς
1024 1828 1107 1903 dito

66 1941 96 1981 rr
117 1916 137 2003 ἢ
158 1916 257 1998 ἑμοί;
288 1941 374 1994 quam
402 1922 429 1978 si
451 1925 658 1979 correctionem
679 1923 767 1979 istum
790 1932 919 1994 apertam
939 1924 1107 1996 recipimus.

67 2001 128 2063 lloc
155 2008 249 2078 igitur
278 2003 383 2061 dicitur
406 1996 472 2062 istis
499 2007 612 2063 verbis:
650 2005 776 2074 Quocum
801 2005 923 2081 loquoris
949 2014 981 2062 tu
1010 2005 1107 2065 nnuc?

67 2090 140 2145 Nom
169 2089 237 2164 qnid
262 2088 343 2145 alind
368 2095 409 2144 est
430 2092 487 2144 nisi
506 2097 663 2145 otmarum
683 2084 821 2162 loquore?
848 2088 879 2145 id
901 2090 980 2145 enim
1003 2098 1107 2149 estex

64 2166 239 2229 Latinorum
257 2173 372 2228 ratione
386 2168 515 2227 dicendi:
547 2173 673 2240 erocum
692 2170 816 2243 loqueris
833 2177 865 2225 to
880 2168 977 2227 runc?
1005 2174 1108 2231 Nonne
1201 2242 1205 2251 .

65 2251 194 2310 mecum?
235 2251 310 2312 lllnd
335 2261 450 2328 autem,
479 2253 556 2328 quod
582 2272 636 2327 per
658 2250 891 2309 emendationem
914 2253 990 2311 male
1012 2254 1108 2313 seduli

65 2339 242 2409 grammatici
262 2338 377 2395 illatum
397 2343 458 2395 est:
492 2327 582 2420 litto
604 2329 667 2397 τινὶ
687 2325 710 2417 ἢ
733 2329 828 2411 ἕμοίς
856 2332 913 2392 boc
930 2336 995 2395 iere
1016 2340 1108 2413 signi·

65 2418 181 2478 ficaretr
222 2421 347 2489 Qrtoutm
375 2421 498 2496 loqueris
521 2429 554 2477 tn
576 2414 671 2478 nnnc?
705 2436 775 2475 nuru
798 2436 861 2475 cunt
885 2419 943 2477 olio
966 2440 1106 2497 quoquam

65 2508 118 2560 aiei
152 2501 304 2562 mourut?-
330 2502 445 2584 Quibus
484 2504 517 2560 in
543 2504 641 2561 verbis
669 2520 758 2575 quom
786 2500 922 2573 langueat
948 2503 1000 2577 illle
1030 2505 1117 2563 ottus·

66 2590 226 2663 qnisquam,
255 2586 342 2645 facile
371 2586 561 2659 intellegitur.
601 2582 645 2643 Ut
671 2595 780 2642 taceam
808 2585 890 2657 nullo
912 2585 952 2653 iu
966 2584 1042 2645 libro
1063 2589 1105 2645 ita
1210 2612 1213 2619 ·

65 2666 132 2742 legi.
176 2669 265 2751 Quod
287 2680 383 2728 antem
404 2666 619 2728 Belleruseo
645 2668 746 2727 ductus
771 2669 884 2743 studio,
916 2669 993 2743 quod
1015 2690 1105 2744 snpra

63 2752 123 2808 iarn
146 2756 311 2811 notavimus
337 2775 367 2827 p.
397 2757 438 2810 80
461 2774 523 2827 sq.,
555 2754 652 2811 omisit
681 2762 781 2810 contra
807 2755 936 2811 omnium
964 2754 1121 2820 librorum„
1204 2811 1213 2825 ,

8 2855 9 2894 t
63 2836 262 2892 auuoritatem
282 2836 455 2909 perticulam
468 2828 498 2920 ἤ,
522 2835 554 2893 id
570 2857 628 2894 non
644 2839 740 2905 miuus
757 2836 843 2894 facile
857 2848 977 2911 apparet
992 2858 1105 2897 summa
1166 2904 1168 2909 ¹

62 2920 176 2975 iniuria
201 2916 257 2976 hoc
282 2918 343 2977 loeo
369 2921 477 2979 factum
501 2940 575 2979 esse.
615 2918 802 2993 Nam‘quem
823 2918 861 2977 ad
881 2920 998 2978 modum
1017 2942 1104 2996 supra

62 3003 189 3059 vidimus
218 3021 307 3077 saepe
332 3024 470 3078 numero,
494 3004 543 3061 ubi
572 3002 695 3061 alacrior
724 3011 811 3074 atque
833 3006 1001 3062 concitatior
1027 3014 1104 3063 esset

64 3090 165 3161 oratio,
184 3106 368 3161 suppressum
387 3106 454 3146 esre
474 3085 646 3161 particulam
666 3075 696 3167 ἥ,
718 3082 758 3141 ita
778 3084 864 3142 facile
885 3086 981 3143 doceri
996 3094 1104 3162 potest,

63 3169 92 3225 id
118 3168 176 3227 lroo
203 3171 267 3229 loeo
294 3171 361 3229 lieri
388 3172 478 3246 plane
504 3192 565 3228 non
591 3188 689 3243 porse.
730 3164 867 3241 Namque
890 3171 922 3225 in
945 3171 1026 3225 brevi
1050 3168 1105 3227 lrao

8 3311 9 3327 ζ
64 3256 263 3314 enuntiatione
290 3257 386 3313 omnis
414 3257 556 3313 orationis
581 3253 774 3327 perspicuitas
797 3252 1050 3326 pessumdaretur,
1078 3254 1104 3311 si

8 3329 11 3406 l
63 3339 126 3409 quis
151 3338 245 3396 vellet
271 3329 292 3420 ἢ
318 3341 468 3398 omitteret
496 3346 643 3397 corrueret
664 3337 775 3411 oratio,
803 3336 830 3392 si
851 3354 912 3391 uon
933 3336 990 3393 isto
1012 3334 1105 3395 admi·

8 3417 9 3438 ³
56 3420 157 3479 uitulo
177 3421 253 3480 fulta
273 3425 475 3482 surtiueretur.

140 3502 300 3563 Praeterea
325 3508 457 3581 nequis
478 3504 519 3578 de„
535 3502 592 3563 hac
611 3509 710 3567 nostra
731 3502 844 3560 ratione
867 3510 987 3577 propter
1006 3508 1105 3579 pauci·

62 3593 147 3643 tatem
168 3589 389 3665 exemplorum,
408 3610 485 3664 quac
505 3587 561 3647 lruo
580 3590 764 3659 vocavimus,
786 3584 911 3659 dubitet,
932 3590 975 3645 uti
995 3590 1104 3647 iniuria

61 3670 177 3729 ridetur
205 3670 244 3731 G.
268 3670 303 3731 T.
326 3673 368 3732 A.
390 3672 564 3747 Krusgerns
592 3671 614 3728 l.
639 3692 663 3729 c.
691 3691 722 3743 p.
745 3675 795 3727 34.
822 3668 849 3744 *)
876 3672 969 3743 magis
997 3690 1032 3729 eo
1058 3673 1104 3728 iu-

60 3752 228 3830 clinavisse,
249 3766 282 3814 ut
303 3777 364 3831 eos,
386 3778 461 3832 quon
481 3755 568 3814 modo
589 3756 709 3831 tractari
730 3753 818 3829 locos,
842 3760 943 3811 contra
963 3754 1104 3813 librorum

61 3841 258 3899 testimonium
285 3844 391 3899 mutari
418 3840 524 3914 vellet,
555 3840 741 3898 conferantur
762 3858 813 3912 ea,
843 3856 919 3912 quac
939 3858 1030 3913 snpra
1051 3857 1115 3915 ex·⁴

58 3920 230 3993 plicarimns
252 3922 291 3981 'de
311 3925 462 3998 particulis
483 3914 553 3985 ἀλλ’
578 3914 600 4005 ἢ
621 3944 651 3997 p.
674 3928 715 3980 46
737 3942 821 3996 sqq.-

141 4003 235 4066 Recte
256 4006 386 4082 denique
407 4008 504 4066 docuit
524 4006 603 4065 idem
625 4004 841 4079 Krnegernul.
862 4023 886 4062 c.
908 4022 940 4077 p.
964 4009 1014 4062 33.
1036 4003 1197 4077 ΡοεῒἌλὶο
1220 4027 1247 4065 u

8 4045 15 4156 l
60 4072 141 4149 dito
164 4110 197 4151 τι
216 4091 454 4149 formulam-uon
475 4091 571 4151 solum
591 4080 612 4174 ἢ
633 4090 751 4162 inferri,
769 4106 872 4145 rerum
895 4090 983 4145 etiam
1008 4080 1104 4170 πλήν.
1144 4074 1225 4147 still·

60 4165 149 4230 Cuius
170 4175 215 4231 rei
236 4176 376 4249 exempla
395 4175 448 4234 illa
468 4174 540 4233 lraco
559 4173 673 4246 adtulit,
691 4172 819 4246 primum
838 4167 1103 4245 PlatonisSoplrist.

58 4247 136 4313 Part.
163 4252 204 4314 ll.
233 4258 294 4317 rol.
324 4256 365 4316 ll.
394 4280 426 4332 p.
455 4261 530 4333 150,
561 4259 610 4317 15.
637 4256 683 4317 ed.
712 4248 813 4313 Bekk.
840 4276 869 4327 p.
892 4258 963 4311 228.
986 4252 1028 4311 A.
1057 4254 1103 4313 ed.

57 4331 227 4481 lllfteplr.
265 4332 356 4404 'Ata'
386 4328 502 4420 αἶσχος
529 4328 611 4406 ἄλλο
636 4360 670 4405 τι
697 4332 784 4423 πλὴν
804 4330 842 4404 τὸ
863 4337 922 4481 reric
943 4326 1103 4421 ἀμετρίας
1155 4363 1159 4373 ·
