2850 4842
536 474 625 586 tia.
768 591 782 598 ,
927 513 931 521 “
1044 515 1110 583 cer

56 684 170 743 Εὐιλιι,
189 682 251 738 ’ant
270 683 298 738 vl
311 680 366 757 γάρ
381 683 415 756 μ’
435 681 544 740 ἐκεῖθεν
561 672 641 754 ipyscp
660 687 763 742 Πεισθ,
782 683 821 738 ir’
838 681 1021 752 ἀκολουθοίης
1036 681 1107 753 ipat.

58 793 212 866 optativus
250 780 478 872 ἀκολουθοίης
514 791 579 848 sine
616 789 677 847 ulia
716 791 855 864 temporie
896 790 1110 865 significatione

58 874 214 950 significat
238 875 358 948 proprie
379 871 457 931 uiuit
478 871 559 930 alind
579 873 634 930 nisi
658 874 863 946 cogitationem
885 875 966 949 eins,
992 894 1032 933 ex
1054 896 1113 948 quo

64 959 104 1016 de
136 950 277 1030 coneilio,
304 977 363 1030 quo
384 954 459 1014 iilud
486 957 597 1031 egerit,
622 959 788 1030 quaeritur,
815 956 942 1016 sednon
965 966 1062 1015 temen
1085 964 1115 1016 et
1155 1028 1157 1031 Ι

59 1041 277 1100 cousuetudine
310 1039 451 1112 loquendi
482 1039 589 1097 iactum
621 1048 679 1114 est,
711 1049 742 1097 ut
772 1041 909 1113 temporis
936 1041 1114 1113 significatio

59 1127 217 1199 praeteriti
248 1123 297 1180 isti
326 1124 454 1196 optativo
474 1121 679 1181 adhaerescere
701 1122 866 1199 videretur,
894 1123 972 1198 quod
993 1124 1026 1182 in
1049 1123 1114 1200 ple·

60 1211 170 1282 risque
205 1207 279 1264 iocis
313 1203 368 1264 hac
400 1223 459 1263 une
490 1205 527 1263 de
559 1223 658 1263 caussa
688 1221 749 1263 non
774 1225 859 1264 veros
887 1215 1026 1281 eventus,
1059 1203 1114 1266 sed

61 1299 192 1350 eventus
214 1291 349 1365 cogitatio
370 1291 504 1362 ponitur,
526 1291 596 1360 quia
620 1291 651 1346 in
674 1309 707 1346 re
726 1291 788 1346 iam
809 1289 886 1347 sacta
906 1311 968 1348 non
988 1290 1114 1362 amptius

63 1374 100 1432 rie
130 1383 239 1432 eventu
269 1374 354 1445 quasi
376 1373 464 1430 etiarn
486 1392 564 1429 nunc
586 1371 683 1430 tuturo
705 1372 888 1446 cogitandum
910 1381 969 1447 est,
1002 1371 1053 1430 sed
1077 1373 1114 1430 de

61 1465 193 1531 eventu,
215 1475 301 1528 quem
323 1455 360 1514 ed
381 1455 499 1520 modum
520 1447 618 1516 auimo
641 1456 677 1512 ab
702 1475 753 1529 eo,
783 1457 835 1528 qui
857 1457 930 1531 egit,
958 1463 1114 1528 conceptue

61 1541 174 1614 fuerit,
206 1539 308 1613 quaeri
337 1537 430 1597 debet.
474 1537 587 1597 Eodem
617 1537 703 1596 modo
732 1557 780 1597 res
801 1536 978 1614 explicantia
999 1542 1062 1614 eet,
1089 1539 1115 1597 si

62 1626 97 1681 in
120 1621 256 1684 eiusdem
274 1605 486 1698 ⁸[ristophunis
506 1622 591 1680 Pluto
611 1642 641 1680 v.
662 1626 704 1680 90
724 1642 770 1695 aq.
794 1619 915 1680 dicitur:

531 1713 561 1770 Ι0
578 1717 612 1770 δέ
627 1715 660 1788 μ’
684 1717 814 1785 ἐποίησεν
830 1714 948 1787 τυφλόν,

182 1827 196 1852 ,
267 1788 314 1840 ivo
330 1783 369 1855 μὴ
387 1782 617 1855 διαγιγνώσκοιμι
633 1780 736 1839 teritum
751 1786 884 1856 piperve,
932 1796 935 1799 '

64 1911 135 1950 narn
167 1891 224 1950 etei
253 1910 301 1951 ree
330 1889 444 1949 itahic
466 1900 632 1964 comparata
655 1902 718 1966 cat,
747 1899 781 1949 ut
802 1892 892 1950 etiem
914 1891 1115 1950 coniunctivus

64 1975 140 2050 poni
162 1977 308 2048 potuerit,
337 1976 420 2048 quasi
446 1985 569 2032 eventus
591 1975 755 2034 etiamnunc
777 1977 964 2050 experientia
986 1994 1018 2032 ac
1038 1975 1117 2034 veri·

66 2065 126 2116 tete
160 2057 393 2132 comprobandus
426 2066 519 2132 esset,
551 2065 647 2115 tamen
683 2061 829 2133 optativus
858 2060 1032 2132 aptissumue
1060 2065 1116 2126 eet,

66 2138 149 2214 quod
177 2142 220 2198 sic
241 2149 353 2198 tentum
373 2139 460 2198 motio
482 2140 518 2198 de
542 2160 577 2198 eo
599 2139 729 2217 consilio,
757 2141 835 2215 quoti
859 2141 910 2199 iile
932 2161 1020 2216 agens
1038 2137 1117 2196 istud

67 2221 228 2296 habuerit,
252 2225 401 2296 quaeritur
423 2232 511 2296 atque
532 2225 628 2282 omnia
649 2223 721 2282 hacc
742 2225 872 2298 quaestio
893 2231 991 2282 utrum
1010 2226 1115 2282 uetera

67 2307 206 2366 evenerit
226 2305 318 2380 iilud,
343 2304 421 2380 quod
445 2307 587 2379 speravit,
611 2327 704 2366 necue
727 2307 816 2382 piane
836 2309 991 2366 omittitur.

153 2385 218 2447 Sed
242 2389 357 2462 tamea,
386 2397 417 2446 nt
443 2409 533 2462 supra
560 2388 702 2466 vidimus,
732 2392 825 2464 potuit
849 2392 938 2449 etiam
960 2389 1119 2447 coniuncti·

66 2491 123 2532 voa
153 2480 222 2547 post
249 2466 303 2533 iva
324 2471 495 2545 particulam
516 2491 688 2546 praegresso
709 2483 839 2548 tempore
860 2475 1015 2548 praeterito
1036 2471 1119 2545 peni,

70 2557 95 2626 ei
124 2575 185 2613 non
210 2556 368 2630 cogitatum
389 2563 540 2626 eventum,
570 2555 622 2614 red
642 2575 745 2615 verum
763 2560 795 2613 iu
816 2558 985 2614 narratione
1006 2561 1118 2628 epecta-
1149 2619 1155 2626 ,

69 2657 134 2696 mus
157 2659 190 2696 ac
212 2639 254 2694 sio
275 2638 363 2695 etiam
384 2635 458 2695 iliud
477 2637 585 2694 fectum
609 2647 652 2696 cst
672 2639 835 2712 interdurn,
860 2649 892 2696 ut
913 2641 949 2697 ab
970 2657 1028 2694 una
1048 2656 1117 2712 par·

72 2720 159 2779 ticuiu
188 2716 244 2782 ἵνα
271 2729 300 2779 et
327 2723 471 2794 optativus
496 2730 525 2778 et
548 2723 747 2781 coniunctivae
769 2741 927 2797 suspensus
948 2740 1013 2792 epse
1037 2719 1117 2778 vide-
1186 2721 1246 2780 Ἵνιι

73 2812 168 2878 retur,
199 2825 262 2861 non
293 2803 371 2877 quod
398 2821 499 2862 revera
518 2805 568 2861 isti
588 2805 666 2862 modi
687 2814 737 2863 aut
758 2825 775 2864 a
797 2799 953 2881 praeterito
975 2813 1118 2878 tempore,
1144 2811 1201 2847 Μ
1217 2805 1289 2860 ⁰⁹⁸⁸·

76 2887 164 2958 qnod*
177 2890 351 2963 praecessit,
379 2895 430 2946 aut
451 2885 487 2943 ab
509 2886 575 2959 iiia,
602 2907 689 2961 qurum
710 2887 794 2960 dixi,
819 2889 960 2962 particula
981 2906 1119 2960 regem.
1134 2867 1296 2948 ῐῑῐθθῑῦῠσ·

75 2980 137 3044 tur,
167 2969 221 3030 aed
251 2973 321 3042 quia
348 2971 415 3042 ipsu
442 2971 605 3041 sententia,
637 2972 719 3042 cuius
740 2972 908 3043 primariam
931 2981 1060 3044 partem,
1091 2972 1118 3029 ai
1159 2943 1274 3050 fuffw

75 3056 320 3111 constructionem
342 3060 522 3125 spectamus,
544 3054 670 3108 coutiuet
693 3054 830 3126 verbum,
851 3053 993 3110 modoad
1012 3056 1119 3110 verita·
1147 3067 1289 3118 coniuncti.

76 3143 148 3207 tenu,
178 3134 276 3198 modo·
294 3135 331 3193 ed
346 3135 557 3210 ,cogitationem
588 3135 706 3192 alterius
728 3136 933 3209 revocabatur,
958 3137 1040 3193 varia
1061 3137 1120 3192 iate
1145 3137 1290 3188 enuntiatio.

76 3222 250 3278 muanuctio
284 3219 437 3278 verborum
464 3227 532 3275 nata
560 3225 612 3276 est.
670 3215 774 3290 anue
802 3217 953 3275 modorum
980 3219 1120 3275 varietate

79 3301 146 3359 inde
166 3305 202 3361 ab
223 3301 356 3360 Homero
377 3320 476 3359 omues
497 3301 560 3359 t‘ere
578 3302 737 3374 scriptores
759 3297 900 3360 Graeciae
920 3319 972 3358 eno
992 3297 1056 3358 loco
1075 3301 1121 3357 usi

78 3395 152 3442 root.
195 3384 236 3445 Et
267 3383 418 3444 Homerus
445 3383 562 3459 quidem
589 3383 700 3444 iiiudoe
727 3383 779 3446 lib.
800 3379 878 3443 XV.
906 3403 936 3444 r.
966 3385 1028 3442 596
1053 3402 1120 3457 ιοοι

78 3461 148 3524 haec
167 3465 270 3530 habet:
766 3485 769 3490 ·
867 3500 873 3510 ·

174 3589 177 3594 ¹
236 3565 346 3636 Ἕκτορι
363 3559 417 3636 γὰρ
435 3563 463 3618 oi
480 3561 570 3631 θυμὸς
587 3559 712 3632 ἔβοῠλειο
731 3561 814 3622 κῦδος
830 3556 946 3633 ὀρέξαι(

244 3637 320 3702 Πριιι
344 3635 372 3685 to
397 3672 404 3700 ‚
425 3635 472 3684 ἵνα
490 3633 571 3700 νηυσὶ
585 3637 717 3700 κορωνίσι
734 3631 885 3689 θεσπιδαὲς
899 3633 956 3703 πῦρ

244 3654 349 3774 ipati}
366 3653 524 3786 rixipqror,
546 3701 658 3760 Θέτιδος
673 3698 701 3754 o’
722 3699 844 3759 ἐξαίσιον
862 3696 933 3770 ιἰρὴιι

241 3771 340 3824 πᾶσαν
357 3769 529 3841 inseparate,

23 3869 25 3928 }
85 3867 158 3921 qnae
188 3872 242 3928 ego
269 3877 330 3916 non
352 3859 534 3916 mutaverim.
576 3853 659 3918 Nihil
688 3856 769 3916 enim
794 3850 916 3930 impedit
946 3849 1124 3927 quominus

86 3935 180 4004 priore
198 3941 329 3998 membro
348 3942 444 4016 iprum
463 3945 601 3999 eventum
616 3941 673 4014 tpui
689 3941 820 4014 loquitur
836 3945 963 4014 spectet,
982 3937 1015 3995 in
1033 3935 1126 3994 altero

24 4065 27 4100 ·.
86 4019 212 4078 membro
240 4033 330 4096 ponat
358 4031 506 4098 speratum
532 4025 568 4080 ab
595 4022 670 4097 ilto‚·
692 4026 745 4097 qui
768 4023 845 4098 agit,
875 4027 1022 4080 eventum.
1065 4013 1128 4076 set

88 4101 234 4161 veniamus
262 4105 298 4164 ad
326 4106 660 4182 reliquoa·scriptorea,
690 4110 743 4181 qui
770 4104 846 4164 hanc
873 4105 1013 4163 rationem
1038 4121 1127 4176 saepe

26 4193 28 4244 ζ
88 4196 275 4263 usurparunt,
296 4190 385 4250 vetuti
409 4189 577 4250 Herodotus
598 4191 651 4248 tib.
672 4186 698 4248 1.
721 4211 783 4265 cap.
806 4185 876 4246 196.
903 4185 986 4244 dicit:
1012 4178 1051 4246 ‘0
1067 4179 1128 4261 μέν

26 4245 29 4334 ff
89 4278 142 4320 νυν
174 4263 346 4357 κάλλιστος
378 4267 480 4351 νόμος
511 4261 609 4347 οὗτός
638 4289 700 4353 σφι
727 4262 785 4356 ἦν,
818 4261 856 4334 οὗ
880 4266 993 4348 μέντοι
1013 4268 1069 4330 νῦν
1090 4286 1127 4345 ya

27 4355 29 4389 ι
90 4337 247 4481 ὀιεΙτΙέΛιοε
274 4347 351 4428 ἐών,
380 4346 462 4418 titio
490 4351 527 4419 ot
552 4375 585 4416 ιι
608 4348 805 4440 ἐξευρήκασι
824 4348 940 4494 veriori
961 4347 1127 4432 γενέσθαι,
