2850 4842
267 415 330 485 152
447 454 453 463 ·
757 406 816 480 izv.

267 587 481 659 καταθεῖναι,
515 582 655 652 δεθέντα
688 582 726 649 δὲ
757 581 845 671 πρὸς
877 577 985 669 τούτῳ
1014 587 1061 648 ct*
1090 578 1251 671 τιμήματι
1284 584 1322 653 ἐν

267 664 404 756 αἰσχύνῃ
425 662 489 755 ἤδη
513 665 647 753 ζῆντὸν
669 659 778 732 didon
791 662 892 747 plicis,
927 671 979 728 ubi
1000 611 1177 733 salicum
1198 672 1321 747 quidem

266 759 429 818 orationem
447 763 553 815 rectern
572 752 648 813 lianc
663 753 729 813 lore
743 753 827 811 dicit:
847 750 969 815 πολλοὶ
982 750 1047 836 γὰρ
1062 748 1102 816 ἂν
1120 791 1157 801 -
1177 748 1320 828 ἔσοιντο,

268 832 300 901 εἰ
320 834 474 919 μέλλοιεν
495 861 526 899 κ.
542 858 572 899 τ.
589 835 630 909 λ.,
654 857 831 912 quemqnam
852 838 949 910 possis
971 840 1059 897 etiam
1074 835 1164 901 ‹ioed
1179 831 1320 901 ἐδόκουν

267 942 382 982 vocure.
396 920 504 1003 u-Nom
523 919 634 981 Latine
655 924 696 979 sic
716 921 818 985 eodem
840 918 927 1011 modo
949 917 1043 981 dines:
1071 924 1154 981 urttltl
1176 926 1249 981 οιιὸοι
1271 924 1319 981 illi
1359 924 1364 930 “

267 1006 428 1066 uiderentur
454 1007 508 1065 boc
533 1009 644 1065 salioru
670 1005 750 1080 [teres
771 1006 843 1077 fore.
886 1002 1072 1064 Attianum
1094 1004 1149 1065 loci
1171 1008 1258 1063 etiem
1279 1006 1319 1063 de

267 1088 324 1149 boc
343 1108 452 1164 genere
474 1090 533 1147 iern
555 1089 661 1149 enblnti
685 1110 764 1146 nunc
785 1093 852 1149 eunt
872 1108 890 1145 e
911 1090 1017 1149 criticis
1051 1089 1133 1148 velut
1150 1088 1228 1162 qnod
1240 1089 1320 1163 opud
1367 1132 1373 1143 .

269 1171 489 1247 Antiphontem
520 1172 607 1240 olim.
619 1173 772 1249 legebatur
800 1174 831 1230 iu
861 1173 992 1231 cretione
1019 1132 1057 1230 de
1084 1172 1168 1233 caede
1195 1172 1321 1231 Herodis

269 1260 298 1327 ς.
322 1259 373 1315 66.
402 1256 448 1315 ed.
474 1253 574 1315 Belk.
604 1279 634 1331 p.
663 1262 734 1316 137.
763 1254 808 1314 ed.
831 1253 871 1313 Η.
894 1252 998 1329 Steph.
1027 1244 1123 1319 οἶιαι
1146 1246 1186 1326 δ’,
1202 1252 1241 1316 ἂν
1263 1251 1322 1317 καὶ

268 1333 362 1419 ὑμῶν
389 1335 527 1403 ἕκαστον
555 1333 590 1402 εἴ
612 1332 663 1413 τίς
690 1361 764 1401 τινα
794 1332 913 1423 ἔροιτο
933 1334 954 1399 ὅ
976 1360 1008 1401 τι
1028 1278 1074 1422 ped
1096 1332 1188 1417 τύχοι
1210 1330 1321 1413 sidcis,

270 1423 429 1487 τοσοῦτον
450 1417 489 1484 ἂν
510 1414 634 1493 εἰπεῖν,
647 1418 713 1487 ὅτι
735 1414 796 1484 οὖν
818 1410 916 1485 οἶδεν.
945 1408 976 1483 εἲ
998 1419 1036 1485 δέ
1056 1444 1107 1497 τις
1127 1418 1321 1503 περαιτέρω

271 1500 398 1568 κελεύει
420 1502 535 1585 λέγειν,
558 1502 592 1568 ἐν
613 1504 723 1590 πολλῇ
746 1499 887 1583 cincinnis
909 1497 1050 1567 ἔσεσθαι
1064 1497 1191 1591 ἀπορίᾳ
1208 1502 1320 1572 δοκῶ..

271 1589 304 1649 id
328 1610 405 1647 nnnc
430 1592 467 1647 eb
492 1588 577 1647 lnun.
598 1587 742 1649 Bellero
764 1591 828 1647 siue
849 1586 909 1647 nlla
932 1592 1127 1651 controversie
1148 1591 1321 1648 rectissume

272 1692 312 1733 ex
340 1673 426 1733 libris
450 1676 577 1747 optumis
600 1673 645 1733 A.
671 1671 706 1732 B.
733 1675 953 1748 scriptumest:
984 1668 1018 1737 ἐν
1039 1671 1150 1759 πολλῇ
1173 1666 1212 1733 ἂν
1232 1663 1323 1751 ὑμᾶς

274 1749 413 1835 ἔχεσθαι
434 1747 563 1840 ἆιτορίᾳ
585 1755 684 1819 δοκῶ.

356 1840 455 1922 Quom
480 1842 571 1915 igitur
599 1838 637 1902 ἂν
664 1840 805 1915 particule
831 1861 897 1899 eum
918 1839 1076 1899 indicativo
1097 1839 1189 1898 futuri
1209 1860 1264 1913 per
1286 1860 1321 1899 se

271 1925 361 1998 plene
391 1944 452 1982 non
482 1932 641 1982 constructe
671 1944 736 1985 esse
768 1923 918 1999 videntur,
949 1932 1036 1998 atque
1058 1924 1134 1982 illud
1155 1927 1244 1983 etiem
1269 1924 1320 1983 ed-

271 2006 391 2066 modum
411 2007 530 2066 dubium
553 2010 607 2083 sit,
633 2028 703 2066 nnm
727 2012 765 2066 sit
787 2030 852 2067 cnm
874 2011 1001 2083 optetitro
1015 2008 1133 2085 ¹futuri,
1161 2008 1239 2083 qnod
1261 2011 1320 2067 nisi

271 2093 304 2149 in
338 2094 493 2166 perpaucis
524 2090 596 2150 locis
627 2092 696 2151 fieri
725 2094 855 2167 potuisse
882 2092 1033 2168 probabile
1060 2112 1120 2151 non
1147 2102 1208 2167 est,
1242 2113 1320 2150 conr-

271 2178 371 2249 posita
398 2176 498 2237 cedern
522 2177 682 2251 particule,
710 2198 771 2234 non
793 2197 945 2251 possumne
967 2176 1085 2251 quidem
1107 2174 1260 2235 adfirmare
1282 2176 1320 2235 do

272 2260 420 2331 infinitivo
434 2262 538 2335 sntnri,
551 2260 603 2320 sed
616 2262 844 2320 lamentacitius
857 2260 1015 2320 concedere
1027 2282 1179 2335 possumne
1191 2258 1320 2319 Graecos

273 2344 432 2419 aliqnando
460 2345 642 2403 infinitivum
668 2345 760 2403 futuri
786 2366 849 2402 cum
878 2339 917 2406 ἂν
944 2344 1086 2419 particule
1109 2346 1319 2418 construxisse,

261 2432 414 2501 ·qnoniem
439 2449 494 2502 per
521 2448 552 2487 se
577 2428 683 2486 salsum
710 2450 770 2485 uon
800 2438 877 2502 eret,
909 2431 933 2486 si
957 2432 1021 2501 quis
1044 2426 1081 2489 ἂν
1102 2448 1163 2485 cum
1184 2430 1317 2501 optativo

271 2512 366 2569 futuri
399 2531 573 2585 componere
602 2510 701 2569 vellet.
753 2510 814 2570 Sed
843 2515 945 2571 temeri
967 2514 1000 2569 in
1027 2510 1074 2571 lnis
1104 2532 1218 2586 quoque
1243 2510 1317 2569 locis

273 2614 386 2654 numme
411 2596 543 2651 cautione
569 2615 643 2667 opus
674 2596 746 2669 erit,
779 2616 817 2654 ne
845 2596 922 2654 salsa
946 2618 1002 2669 pro
1030 2598 1107 2655 veris
1136 2598 1318 2670 accipiemus.

271 2675 352 2737 Nem
368 2680 422 2737 etsi
439 2680 618 2752 grammatici
638 2678 785 2736 interdurn
806 2679 841 2738 de
862 2679 1006 2739 industrie
1022 2673 1062 2741 ἄν’
1080 2702 1143 2738 cnm
1160 2679 1319 2739 indicativo

272 2762 365 2820 futuri
384 2763 568 2823 coniunctum
588 2774 787 2838 removerunt,
812 2766 963 2829 tamenin
985 2763 1053 2822 eliis
1074 2765 1145 2823 locis
1166 2767 1224 2839 ipsi
1246 2784 1320 2837 qno·

274 2865 331 2920 qne
359 2846 425 2905 eine
453 2864 554 2904 censue
577 2847 758 2905 infinitivum
781 2848 872 2906 futuri
900 2868 955 2921 pro
982 2850 1083 2906 coristi
1110 2848 1248 2907 videntur
1273 2850 1321 2907 in·

274 2930 394 3003 tulisse,
426 2930 505 3003 qood
530 2928 742 2991 Demosthenis
771 2932 910 3005 exemplo
940 2954 971 3007 p.
993 2937 1070 3006 860,
1095 2937 1125 2991 8.
1149 2931 1194 2991 ed.
1216 2930 1321 2992 Reisk.

274 3012 401 3072 dilucide
425 3013 522 3072 docuit
541 3002 729 3097 Hermennns
751 3033 781 3090 p.
806 3021 887 3089 181„
908 3024 941 3074 ut
961 3036 1031 3075 sene
1051 3024 1218 3091 propterea,
1244 3016 1321 3091 quod

274 3098 335 3159 iem
362 3100 572 3171 antiquissnme
600 3100 761 3158 litterarum
785 3108 973 3167 monumenta
998 3102 1031 3159 in
1061 3100 1115 3159 hec
1143 3110 1229 3175 perte
1259 3122 1322 3159 cor·

274 3190 362 3257 rupte
393 3190 481 3257 etque
505 3184 615 3241 incerte
638 3182 791 3241 admodum
818 3186 892 3257 siut,
920 3206 979 3258 qno
1004 3194 1032 3243 te
1055 3192 1152 3243 vertes
1175 3184 1323 3245 interdum

273 3266 363 3340 plene
390 3269 513 3327 nescies.
561 3266 701 3341 Idemque
728 3268 844 3326 uidetur
869 3267 1021 3327 dicendum
1048 3268 1084 3327 de
1106 3272 1323 3329 constructione

273 3352 433 3423 particulae
455 3345 494 3412 ἂν
516 3371 581 3409 cnm
599 3354 755 3427 participio
773 3353 875 3427 sntnri,
897 3352 933 3412 de
955 3374 1013 3428 qne
1032 3354 1092 3411 iem
1114 3355 1201 3412 etiem
1222 3352 1323 3415 Deve·

271 3431 337 3492 ‘rins
361 3455 462 3492 ensem
487 3434 653 3509 disputandi
675 3438 804 3515 praebet.

358 3514 389 3576 ls
418 3520 499 3575 enlm
525 3542 555 3593 p.
579 3522 618 3577 35
641 3539 687 3592 eq.
717 3524 774 3579 iarn
803 3522 901 3595 pergit
926 3520 963 3578 ed
989 3522 1234 3578 constructionem
1256 3542 1324 3595 pur-

274 3600 380 3660 tienlne
402 3595 440 3663 ἂν
461 3624 526 3661 cum
548 3606 703 3678 participio
725 3604 941 3679 explicandam,
967 3624 1024 3679 qne
1046 3604 1082 3662 de
1102 3624 1135 3661 re
1155 3624 1234 3661 nunc
1255 3626 1323 3664 eon-

273 3684 384 3745 feretur
412 3683 451 3745 G.
475 3685 665 3746 Hermeunus
694 3710 726 3761 p.
759 3694 818 3746 182
843 3708 908 3763 sqq.
940 3696 966 3746 et
993 3686 1176 3763 Hertnngius
1201 3688 1262 3747 vol.
1284 3686 1323 3747 ll.

273 3790 303 3844 p.
334 3774 395 3829 319
418 3792 499 3845 sqq„
528 3773 580 3843 qui
610 3781 687 3829 recte
717 3772 875 3829 docueruut
905 3771 1007 3831 eodern
1034 3772 1138 3847 modo,
1170 3794 1229 3845 qno
1259 3794 1323 3830 cum

273 3855 339 3927 ipso
368 3856 460 3913 verbo
490 3855 714 3926 coniungeretnr
737 3858 893 3930 particule,
925 3859 1019 3913 etiem·
1034 3858 1120 3933 iungi
1144 3878 1208 3913 cnm
1234 3858 1323 3930 parti·

273 3939 366 4012 cipio,
387 3944 434 4010 nt,
458 3939 483 3994 si
506 3956 570 3994 rem
593 3938 699 4011 solves,
723 3938 812 3998 lncile
834 3942 1004 4015 perspicius,
1028 3961 1086 4014 qno
1110 3940 1173 3997 loeo
1196 3936 1236 4003 ἂν
1257 3960 1322 4015 per-

273 4022 362 4087 ticnle
383 4042 448 4079 cnm
468 4022 621 4097 participio
643 4023 739 4082 locum
760 4022 886 4101 bebere,
914 4044 972 4099 qno
999 4027 1094 4083 minus
1118 4024 1222 4099 possit.
1272 4020 1322 4082 Sic

274 4221 356 4269 Perit.
382 4224 446 4285 Res.
474 4223 552 4275 2936.
578 4224 649 4287 (Υ.)
674 4226 701 4272 in
727 4225 838 4287 margine
861 4200 1035 4283 hebetstibri
1055 4234 1138 4275 nutem
1154 4223 1237 4275 Paris.
1256 4222 1322 4285 Reg.

275 4289 355 4341 2936.
375 4299 402 4341 et
418 4289 496 4343 2940.
514 4291 576 4359 (n)
593 4287 611 4344 ἃ
631 4290 782 4361 inpellente
798 4294 918 4357 scriptun
936 4294 1067 4345 exhibent.
