2850 4842
578 470 674 561 yria·
1083 478 1152 548 267

95 649 139 707 ita
161 610 309 719 loquitur:
342 635 461 704 Acerris
474 633 538 726 γάρ
552 660 630 715 που,
650 630 678 704 ὦ
693 638 831 727 Φαῖδρε,
846 634 935 709 τοῦτ)
955 634 1022 723 ἔχει
1036 636 1149 747 γραφὴ

99 723 156 792 “il
178 720 226 802 ὡς
248 719 390 807 ἀληθῶς
408 720 525 801 ὅμοιον
548 720 742 810 ζωγραφία,
766 748 829 786 uon
842 737 991 803 exspectat
1005 728 1151 805 singulare

9 827 14 836 ·
98 812 153 870 laec
173 830 247 870 voce
267 809 420 868 adsensum
435 806 562 867 Phaedri
582 829 677 883 nequa
695 813 762 883 ipse
775 808 925 870 Phaedrus
941 810 979 870 ad
997 810 1053 871 lsoo
1064 811 1151 886 quid·

101 916 189 969 qnam
218 890 401 953 adsentiendi
430 912 531 952 caussa
561 891 638 951 dicit.
689 890 766 951 Nam
796 893 877 970 qnod
908 895 992 953 linita
1019 884 1151 955 Socratis

99 982 234 1037 oratione
257 975 344 1035 dicit-r
367 971 435 1037 Kal
451 966 555 1039 uacari
570 994 625 1039 σοι
641 965 815 1057 ὀρθότατα
831 969 973 1060 εἴρηται,
994 977 1025 1035 id
1037 986 1151 1052 spectat

78 1062 139 1121 ·sd
165 1080 282 1121 ornnem
313 1060 443 1134 magistri
473 1060 763 1132 argumentationem.
804 1056 865 1139 Sed
890 1060 964 1119 illud
987 1063 1083 1135 potius
1105 1058 1172 1121 ‹ti-⁸
1271 1061 1274 1071 '

0 1163 1 1170 ¹
101 1149 177 1205 citur
196 1148 261 1203 istis
280 1144 394 1203 verbis:
417 1142 509 1201 Habet
522 1148 594 1199 eninr
608 1147 700 1201 ruscia
712 1163 769 1218 quc
781 1144 865 1202 πνοὰν
885 1145 1022 1219 (qaudam
1038 1145 1150 1216 mmo),

101 1232 141 1287 rui
167 1227 315 1297 Plraedrs,
344 1226 395 1285 huc
425 1226 535 1283 urclestl
561 1229 678 1301 scriptia
707 1245 743 1283 ac
767 1244 866 1290 renea
894 1228 986 1285 simile
1011 1232 1151 1303 moturae.

102 1310 221 1389 Quibus
252 1312 283 1369 in
309 1306 407 1369 verbis
432 1308 505 1365 illud
533 1312 626 1367 acacia
656 1328 710 1383 quo
737 1308 820 1369 orado
847 1317 897 1367 aut
925 1311 1048 1385 qaedam
1068 1312 1152 1370 mode

102 1394 281 1454 nihilualet
301 1392 339 1451 ad
359 1390 564 1449 infirmandam
588 1393 779 1465 sententiam,
807 1392 859 1451 sed
879 1401 967 1465 anget
984 1394 1082 1466 potins
1100 1391 1151 1451 ad.

103 1481 335 1551 seren-ationem,
365 1474 443 1549 quod
463 1495 529 1549 res,
558 1476 691 1533 etiamsi
711 1474 845 1549 madum,
867 1496 924 1550 qno
947 1477 989 1533 ite
1010 1478 1065 1551 sit,
1089 1495 1152 1535 non

102 1562 192 1638 plane
214 1562 439 1636 perspiciamus,
461 1568 557 1617 tamen
580 1578 613 1617 re
636 1577 706 1617 vera
727 1560 768 1616 ita
788 1578 850 1617 esse
874 1560 995 1617 dicetur.
1037 1557 1088 1618 Sia
1107 1559 1152 1618 fa·

0 1639 1 1652 ¹
103 1658 181 1705 ctum
208 1654 268 1718 est,
299 1653 330 1703 ut
355 1641 426 1703 adeo
447 1662 510 1702 rem
530 1644 624 1716 ipsam
644 1640 818 1700 confirmare
835 1641 967 1701 rideatur
987 1642 1152 1718 adpositum
1227 1690 1238 1704 s

101 1730 177 1789 illud
197 1721 276 1803 πού,
295 1727 332 1785 de
357 1747 414 1801 quo
436 1734 512 1785 recte
536 1726 610 1784 dixit
631 1723 775 1783 Derarins
796 1728 860 1799 ipse
878 1746 910 1800 p.
934 1730 1004 1789 191.
1047 1724 1098 1785 Sia
1117 1729 1151 1789 in

103 1814 207 1887 altero,
226 1831 314 1885 quern
334 1810 436 1867 adtulit
457 1807 684 1885 Hougaveenns,
708 1806 839 1867 Platonis
858 1809 923 1867 loco
944 1808 981 1869 ds
1001 1810 1152 1871 Plaedooo

103 1896 183 1955 rau.
209 1893 248 1955 ss.
276 1894 334 1955 vu.
354 1891 409 1952 111.
436 1916 464 1968 p.
487 1898 538 1957 as.
566 1890 611 1951 su.
635 1890 736 1955 Beck.
763 1913 794 1967 p.
814 1900 885 1958 101.
912 1891 959 1951 u.
981 1891 1024 1953 Η.
1044 1890 1152 1968 supa

107 1974 253 2049 iliacis,
277 1968 295 2059 ἢ
319 1967 351 2039 ‹l'
376 1972 430 2050 ὃς,
452 1972 494 2038 τὰ
517 1972 597 2038 δέκα
617 1977 682 2037 τῶν
704 1966 793 2038 ὀκτὼ
814 1974 904 2040 δυεῖν
924 1972 1033 2039 πλείω
1054 1965 1152 2050 εἶναι,

104 2060 162 2125 καλ
189 2057 246 2124 διὰ
271 2053 392 2162 ταύταν
412 2054 471 2153 τῂν
493 2052 603 2123 αἰτίαν
623 2050 861 2141 ὑπερβάλλειν,
890 2061 1014 2143 (propicia
1036 2050 1077 2122 ila
1097 2055 1153 2124 λέ-

103 2168 192 2228 γειν,
218 2136 304 2207 ἀλλὰ
330 2164 375 2227 μη
403 2136 532 2225 πλήθει
560 2137 616 2221 καὶ
638 2139 694 2203 διὰ
716 2136 754 2203 τὸ
776 2140 931 2225 πλῆθος
963 2139 1019 2205 καὶ
1040 2136 1080 2204 τὸ
1101 2137 1154 2205 δι’·

104 2250 195 2310 appu
214 2227 273 2289 τοῦ
296 2220 461 2308 πηχυαίου
482 2218 595 2308 ἡμίσει
611 2221 726 2302 μεῖζον
740 2213 833 2295 εἶναι,
856 2216 925 2286 ἀλλ’
943 2216 982 2286 c'r'r
995 2221 1151 2303 μεγέθεα
1213 2222 1222 2258 ³

106 2304 126 2373 ὃ
151 2300 249 2383 αὐτὸς
269 2302 332 2393 γάρ
354 2329 421 2371 που
443 2304 581 2391 quillus„
613 2309 745 2365 minume
768 2327 816 2365 res
841 2309 882 2365 ira
906 2319 1071 2381 comparata
1096 2315 1152 2384 est,

107 2404 141 2454 nt
161 2395 196 2453 de
217 2414 251 2453 ea
271 2391 407 2452 Socrates
428 2391 558 2450 dubitare
577 2390 683 2450 debere
700 2390 840 2465 videatur,
858 2390 908 2449 sed
925 2412 972 2450 res
985 2392 1154 2470 adfirmatur

105 2482 203 2555 potius
225 2497 271 2551 eu,
293 2474 371 2551 quod
392 2476 443 2534 ille
463 2478 494 2533 iu
516 2474 613 2533 medio
632 2474 813 2549 relinquens,
837 2494 895 2548 qno
916 2474 1001 2534 uodo
1022 2474 1078 2535 hoc
1090 2474 1153 2550 liet,

104 2566 147 2629 ita
174 2573 270 2620 tamen
296 2579 362 2619 esse
388 2561 438 2617 ait.
481 2557 587 2633 Neque
612 2556 730 2617 Phaeda
752 2568 873 2632 propter
894 2553 1058 2626 illudarai
1080 2578 1154 2617 mox

104 2650 148 2706 lta
178 2644 353 2704 adsentitur:
390 2634 485 2705 Πάνυ
511 2662 556 2723 γε.
603 2639 679 2701 Nam
708 2644 750 2701 sic
774 2642 968 2703 adsentiretur
991 2645 1093 2717 etiam,
1125 2644 1153 2702 sl

106 2724 177 2792 ποὺ
207 2748 266 2785 non
296 2734 369 2787 esset
397 2726 570 2799 adpositum.
613 2723 676 2785 Nec
701 2735 798 2785 tamen
821 2724 877 2786 hoa
897 2730 939 2787 ita
961 2726 1067 2785 dictum
1088 2726 1154 2784 exi·

108 2813 231 2870 sternari
264 2811 368 2885 velim,
399 2813 481 2884 quasi
514 2829 568 2884 ego
596 2818 696 2884 putem
723 2808 831 2869 Latine
858 2813 949 2870 verba
976 2816 1070 2871 amaia
1096 2828 1153 2887 quc
1267 2843 1279 2860 -

106 2894 194 2953 modu
216 2902 265 2951 aut
285 2894 403 2969 (modam
423 2893 506 2952 ruodo
528 2893 574 2966 id,
599 2892 676 2966 quod
699 2890 804 2952 Graeci
826 2893 964 2953 dixerunt
985 2887 1070 2969 πού,
1091 2914 1153 2952 noa

104 2979 213 3037 fortius
239 2976 393 3051 declarare,
414 2976 467 3037 scd
489 2974 610 3035 docendi
634 2994 738 3035 caussa
758 2979 812 3034 vix
829 2985 961 3050 putaram
974 2978 1041 3036 eliis
1055 2977 1153 3037 serbis

105 3064 160 3121 uti.
202 3060 342 3135 Denique
365 3062 396 3119 ia
419 3060 470 3121 illo
486 3058 639 3132 Euripidis
660 3060 736 3132 loco,
759 3079 845 3132 quern
858 3062 951 3133 posuit
963 3059 1042 3122 idem
1057 3078 1153 3132 gram*

104 3147 226 3205 malicus
249 3164 290 3203 ex
307 3144 452 3205 Heraclid.
471 3163 501 3201 v.
523 3146 580 3201 151
603 3163 681 3217 sqq,
701 3144 734 3199 in
757 3162 815 3220 qno
836 3138 979 3202 seiunctas
998 3141 1153 3217 particulas

105 3223 169 3319 γάρ
190 3250 259 3295 που
285 3247 350 3287 esse
371 3229 411 3287 ait
432 3236 461 3287 et
480 3226 560 3286 idem
582 3234 677 3285 lamen
699 3224 883 3303 significares

293 3321 333 3377 uu
351 3320 407 3395 γὰρ
425 3318 549 3396 φρενήρη
567 3322 596 3391 γ’
616 3317 682 3378 ὅντα
702 3320 729 3375 σ’
742 3323 893 3383 uniscunt
907 3340 963 3376 noa

289 3388 379 3462 μόνον
396 3387 534 3475 τοσαύτης)
552 3388 586 3459 ἣν
604 3392 735 3458 ἐπῆλθον,
751 3386 880 3449 Ἑλλάδος

241 3512 247 3521 ,
290 3458 337 3521 τὰς
355 3458 439 3514 τῶνδ’
461 3458 595 3528 siticulosae
610 3457 757 3532 ξυμφορὰς
773 3462 945 3545 κατακανεῖν,

103 3584 166 3627 nun
185 3563 304 3625 ridetur
320 3566 376 3625 isla
396 3566 535 3640 particula
558 3568 617 3625 ullo
639 3564 725 3624 modu
746 3563 899 3622 debilitare
912 3560 1154 3636 adfirmationem,

105 3646 158 3707 sed
187 3650 216 3709 si
243 3649 275 3707 id
303 3648 535 3724 consideramus,
568 3649 645 3723 qnod
668 3647 797 3721 denique
820 3646 980 3705 declaretur
1001 3646 1066 3702 istis
1087 3663 1154 3718 per·

104 3732 223 3806 liculis,
252 3741 295 3791 est
321 3730 378 3791 huc
402 3736 498 3808 potius
523 3732 655 3793 Latinis,
673 3731 818 3807 particulis
844 3748 1021 3809 nequaquam
1047 3728 1156 3802 simile,

103 3822 140 3872 nt
167 3814 225 3873 lroc
253 3814 381 3881 dicaturr
418 3820 605 3899 ll'rqaaquuur
632 3821 705 3875 eninr
730 3824 772 3887 te,
803 3835 893 3875 socae
922 3812 1032 3890 quidam
1054 3812 1171 3869 aare·

105 3898 176 3957 dum
195 3902 253 3969 sis,
280 3901 393 3963 creduut
414 3902 506 3960 suiuus
529 3919 565 3958 ec
586 3908 668 3959 tacta
692 3902 828 3971 Graecia,
854 3918 940 3976 quam
956 3902 1155 3974 psrupraruat,
1254 3902 1258 3907 '

103 3982 210 4041 hanam
231 3988 428 4043 tenremrurias
450 3984 627 4043 calamitates
642 3988 900 4043 camurlserataruos
912 4002 981 4051 esso,
1003 3988 1068 4039 eutr
1089 3980 1158 4035 Nos

105 4068 183 4123 eninr
204 4072 232 4121 tc
252 4075 354 4140 putant
375 4067 538 4127 ullomodo
559 4076 609 4125 etc.
652 4062 759 4138 Neque
782 4067 861 4123 enirn
883 4086 936 4139 per
956 4064 1082 4122 ironiam
1102 4058 1158 4118 leue

102 4146 293 4207 efficiendum
315 4152 381 4225 erit,
403 4149 481 4223 quod
499 4160 598 4227 aperte
613 4149 790 4208 declaratum
804 4157 857 4207 est.
899 4144 962 4205 Sed
973 4146 1159 4211 cenimina
1219 4194 1225 4200 .

106 4252 164 4306 ea,
194 4250 270 4305 quae
298 4234 378 4291 inira
409 4254 461 4293 suc
482 4235 547 4295 locu
569 4234 605 4295 dc
624 4230 767 4308 particula
789 4227 858 4293 ποὺ
879 4228 1001 4290 dicende
1018 4236 1103 4304 sunl,
1127 4234 1158 4287 et

103 4334 187 4391 quae
211 4334 302 4389 supra
322 4318 534 4398 explicavimus
556 4321 590 4381 in
609 4313 758 4393 particulis
782 4310 843 4400 yria
858 4305 898 4402 δὴ
913 4334 981 4379 που
997 4335 1028 4390 p.
1039 4319 1101 4374 262
1112 4333 1158 4387 sq.
