<?xml version="1.0" encoding="UTF-8"?>
<!DOCTYPE html PUBLIC "-//W3C//DTD XHTML 1.0 Transitional//EN"
    "http://www.w3.org/TR/xhtml1/DTD/xhtml1-transitional.dtd">
<html xmlns="http://www.w3.org/1999/xhtml" xml:lang="en" lang="en">
 <head>
  <title>
</title>
<meta http-equiv="Content-Type" content="text/html;charset=utf-8" />
  <meta name='ocr-system' content='tesseract 3.04.00' />
  <meta name='ocr-capabilities' content='ocr_page ocr_carea ocr_par ocr_line ocrx_word'/>
</head>
<body>
  <div class='ocr_page' id='page_1' title='image "./matthaeidevarii00unkngoog_0357.png"; bbox 0 0 2850 4842; ppageno 0'>
   <div class='ocr_carea' id='block_1_1' title="bbox 345 468 1134 552">
    <p class='ocr_par' dir='ltr' id='par_1_1' title="bbox 345 468 1134 552">
     <span class='ocr_line' id='line_1_1' title="bbox 345 468 1134 552; baseline 0.008 -15"><span class='ocrx_word' id='word_1_1' title='bbox 345 505 362 552; x_wconf 56' lang='grc' dir='ltr'>ι</span> <span class='ocrx_word' id='word_1_2' title='bbox 550 468 680 543; x_wconf 71' lang='grc' dir='ltr'><strong>ἀλλά.</strong></span> <span class='ocrx_word' id='word_1_3' title='bbox 1092 476 1134 543; x_wconf 80' lang='lat' dir='ltr'><strong>bt</strong></span> 
     </span>
    </p>
   </div>
   <div class='ocr_carea' id='block_1_2' title="bbox 9 632 1258 4320">
    <p class='ocr_par' dir='ltr' id='par_1_2' title="bbox 86 632 1258 1055">
     <span class='ocr_line' id='line_1_2' title="bbox 164 632 1258 727; baseline -0.001 -22"><span class='ocrx_word' id='word_1_4' title='bbox 164 642 277 705; x_wconf 85' lang='lat' dir='ltr'><strong>Restat</strong></span> <span class='ocrx_word' id='word_1_5' title='bbox 301 633 334 705; x_wconf 85' lang='lat' dir='ltr'><strong>ut</strong></span> <span class='ocrx_word' id='word_1_6' title='bbox 361 640 457 701; x_wconf 87' lang='lat' dir='ltr'><strong>dicam</strong></span> <span class='ocrx_word' id='word_1_7' title='bbox 481 641 518 702; x_wconf 91' lang='lat' dir='ltr'><strong>de</strong></span> <span class='ocrx_word' id='word_1_8' title='bbox 538 643 690 719; x_wconf 78' lang='lat' dir='ltr'><strong>particulis</strong></span> <span class='ocrx_word' id='word_1_9' title='bbox 711 634 784 714; x_wconf 73' lang='grc' dir='ltr'><strong>ἀλλ’</strong></span> <span class='ocrx_word' id='word_1_10' title='bbox 807 632 843 727; x_wconf 83' lang='grc' dir='ltr'><strong>ἦ,</strong></span> <span class='ocrx_word' id='word_1_11' title='bbox 877 664 953 720; x_wconf 86' lang='lat' dir='ltr'><strong>quae</strong></span> <span class='ocrx_word' id='word_1_12' title='bbox 975 646 1134 719; x_wconf 72' lang='lat' dir='ltr'><strong>particulae</strong></span> <span class='ocrx_word' id='word_1_13' title='bbox 1147 646 1215 704; x_wconf 73' lang='grc' dir='ltr'><strong>Ἀλλ’</strong></span> <span class='ocrx_word' id='word_1_14' title='bbox 1233 640 1258 721; x_wconf 74' lang='grc' dir='ltr'><strong>ἦ.</strong></span> 
     </span>
     <span class='ocr_line' id='line_1_3' title="bbox 87 718 1243 811; baseline 0.003 -24"><span class='ocrx_word' id='word_1_15' title='bbox 87 749 174 805; x_wconf 87' lang='lat' dir='ltr'><strong>quom</strong></span> <span class='ocrx_word' id='word_1_16' title='bbox 201 747 296 803; x_wconf 77' lang='lat' dir='ltr'><strong>saepe</strong></span> <span class='ocrx_word' id='word_1_17' title='bbox 323 746 446 786; x_wconf 81' lang='lat' dir='ltr'><strong>numero</strong></span> <span class='ocrx_word' id='word_1_18' title='bbox 468 747 532 785; x_wconf 89' lang='lat' dir='ltr'><strong>cum</strong></span> <span class='ocrx_word' id='word_1_19' title='bbox 553 728 705 801; x_wconf 71' lang='lat' dir='ltr'><strong>particulis</strong></span> <span class='ocrx_word' id='word_1_20' title='bbox 727 718 800 791; x_wconf 77' lang='grc' dir='ltr'><strong>ἀλλ’</strong></span> <span class='ocrx_word' id='word_1_21' title='bbox 823 718 845 811; x_wconf 74' lang='grc' dir='ltr'><strong><em>ἢ</em></strong></span> <span class='ocrx_word' id='word_1_22' title='bbox 866 729 1243 808; x_wconf 71' lang='lat' dir='ltr'><strong>consuescesscut,p,1⁶,</strong></span> 
     </span>
     <span class='ocr_line' id='line_1_4' title="bbox 88 809 1135 889; baseline 0.003 -17"><span class='ocrx_word' id='word_1_23' title='bbox 88 814 125 872; x_wconf 89' lang='lat' dir='ltr'><strong>de</strong></span> <span class='ocrx_word' id='word_1_24' title='bbox 150 811 196 872; x_wconf 82' lang='lat' dir='ltr'><strong>bie</strong></span> <span class='ocrx_word' id='word_1_25' title='bbox 224 818 299 885; x_wconf 86' lang='lat' dir='ltr'><strong>post</strong></span> <span class='ocrx_word' id='word_1_26' title='bbox 326 809 527 887; x_wconf 72' lang='lat' dir='ltr'><strong>Hartuugium</strong></span> <span class='ocrx_word' id='word_1_27' title='bbox 553 812 613 871; x_wconf 89' lang='lat' dir='ltr'><strong>vol.</strong></span> <span class='ocrx_word' id='word_1_28' title='bbox 637 809 680 872; x_wconf 87' lang='grc' dir='ltr'><strong>ΙΙ.</strong></span> <span class='ocrx_word' id='word_1_29' title='bbox 706 833 739 885; x_wconf 90' lang='lat' dir='ltr'><strong>p.</strong></span> <span class='ocrx_word' id='word_1_30' title='bbox 761 816 800 871; x_wconf 75' lang='lat'><strong>38</strong></span> <span class='ocrx_word' id='word_1_31' title='bbox 822 834 868 887; x_wconf 87' lang='lat' dir='ltr'><strong>sq.</strong></span> <span class='ocrx_word' id='word_1_32' title='bbox 898 812 1011 873; x_wconf 90' lang='lat' dir='ltr'><strong>erudite</strong></span> <span class='ocrx_word' id='word_1_33' title='bbox 1039 835 1135 889; x_wconf 82' lang='lat' dir='ltr'><strong>nuper</strong></span> 
     </span>
     <span class='ocr_line' id='line_1_5' title="bbox 86 891 1136 973; baseline 0.002 -18"><span class='ocrx_word' id='word_1_34' title='bbox 86 894 246 971; x_wconf 84' lang='lat' dir='ltr'><strong>disputarit</strong></span> <span class='ocrx_word' id='word_1_35' title='bbox 270 891 448 969; x_wconf 80' lang='lat' dir='ltr'><strong>Kruegcrus</strong></span> <span class='ocrx_word' id='word_1_36' title='bbox 473 892 495 951; x_wconf 93' lang='lat' dir='ltr'><strong>l.</strong></span> <span class='ocrx_word' id='word_1_37' title='bbox 521 915 546 953; x_wconf 92' lang='lat' dir='ltr'><strong>c.</strong></span> <span class='ocrx_word' id='word_1_38' title='bbox 574 897 601 970; x_wconf 87' lang='lat'><strong>§.</strong></span> <span class='ocrx_word' id='word_1_39' title='bbox 626 901 675 953; x_wconf 77' lang='lat'><strong>31.</strong></span> <span class='ocrx_word' id='word_1_40' title='bbox 702 915 735 969; x_wconf 91' lang='lat' dir='ltr'><strong>p.</strong></span> <span class='ocrx_word' id='word_1_41' title='bbox 758 899 799 953; x_wconf 80' lang='grc'><strong>46</strong></span> <span class='ocrx_word' id='word_1_42' title='bbox 821 916 886 969; x_wconf 82' lang='lat' dir='ltr'><strong>aqq.</strong></span> <span class='ocrx_word' id='word_1_43' title='bbox 929 895 979 957; x_wconf 89' lang='lat' dir='ltr'><strong>Ac</strong></span> <span class='ocrx_word' id='word_1_44' title='bbox 1006 900 1136 973; x_wconf 86' lang='lat' dir='ltr'><strong>primum</strong></span> 
     </span>
     <span class='ocr_line' id='line_1_6' title="bbox 86 976 1140 1055; baseline 0.003 -18"><span class='ocrx_word' id='word_1_45' title='bbox 86 979 202 1054; x_wconf 83' lang='lat' dir='ltr'><strong>quidem</strong></span> <span class='ocrx_word' id='word_1_46' title='bbox 233 980 408 1038; x_wconf 75' lang='lat' dir='ltr'><strong>rectissume</strong></span> <span class='ocrx_word' id='word_1_47' title='bbox 439 980 537 1037; x_wconf 86' lang='lat' dir='ltr'><strong>statuit</strong></span> <span class='ocrx_word' id='word_1_48' title='bbox 564 976 737 1053; x_wconf 73' lang='lat' dir='ltr'><strong>Kruegcrus</strong></span> <span class='ocrx_word' id='word_1_49' title='bbox 768 999 827 1037; x_wconf 88' lang='lat' dir='ltr'><strong>nou</strong></span> <span class='ocrx_word' id='word_1_50' title='bbox 857 1000 945 1053; x_wconf 81' lang='lat' dir='ltr'><strong>posse</strong></span> <span class='ocrx_word' id='word_1_51' title='bbox 974 983 1140 1055; x_wconf 76' lang='lat' dir='ltr'><strong>particular·</strong></span> 
     </span>
    </p>

    <p class='ocr_par' dir='ltr' id='par_1_3' title="bbox 9 1054 1254 4320">
     <span class='ocr_line' id='line_1_7' title="bbox 9 1054 1134 1146; baseline 0 -22"><span class='ocrx_word' id='word_1_52' title='bbox 9 1105 10 1108; x_wconf 56' lang='lat'><em>=</em></span> <span class='ocrx_word' id='word_1_53' title='bbox 85 1054 198 1146; x_wconf 67' lang='grc' dir='ltr'><strong><em>ἀλλ’ἢ</em></strong></span> <span class='ocrx_word' id='word_1_54' title='bbox 229 1064 322 1123; x_wconf 86' lang='lat' dir='ltr'><strong>initio</strong></span> <span class='ocrx_word' id='word_1_55' title='bbox 347 1062 505 1136; x_wconf 82' lang='lat' dir='ltr'><strong>orationis,</strong></span> <span class='ocrx_word' id='word_1_56' title='bbox 533 1069 725 1137; x_wconf 78' lang='lat' dir='ltr'><strong>ut&#39;putaraut</strong></span> <span class='ocrx_word' id='word_1_57' title='bbox 746 1062 897 1139; x_wconf 82' lang='lat' dir='ltr'><strong>nonnulli,</strong></span> <span class='ocrx_word' id='word_1_58' title='bbox 925 1065 967 1121; x_wconf 88' lang='lat' dir='ltr'><strong>ita</strong></span> <span class='ocrx_word' id='word_1_59' title='bbox 986 1066 1074 1140; x_wconf 88' lang='lat' dir='ltr'><strong>poui,</strong></span> <span class='ocrx_word' id='word_1_60' title='bbox 1101 1073 1134 1125; x_wconf 88' lang='lat' dir='ltr'><strong>ut</strong></span> 
     </span>
     <span class='ocr_line' id='line_1_8' title="bbox 84 1143 1134 1223; baseline 0.004 -18"><span class='ocrx_word' id='word_1_61' title='bbox 84 1146 159 1205; x_wconf 80' lang='lat' dir='ltr'><strong>nihil</strong></span> <span class='ocrx_word' id='word_1_62' title='bbox 183 1145 397 1223; x_wconf 74' lang='lat' dir='ltr'><strong>praecederet,</strong></span> <span class='ocrx_word' id='word_1_63' title='bbox 426 1145 462 1205; x_wconf 87' lang='lat' dir='ltr'><strong>ad</strong></span> <span class='ocrx_word' id='word_1_64' title='bbox 489 1143 568 1221; x_wconf 90' lang='lat' dir='ltr'><strong>quod</strong></span> <span class='ocrx_word' id='word_1_65' title='bbox 596 1148 657 1205; x_wconf 85' lang='lat' dir='ltr'><strong>sive</strong></span> <span class='ocrx_word' id='word_1_66' title='bbox 687 1146 867 1207; x_wconf 73' lang='lat' dir='ltr'><strong>adversativa</strong></span> <span class='ocrx_word' id='word_1_67' title='bbox 894 1149 957 1208; x_wconf 87' lang='lat' dir='ltr'><strong>aive</strong></span> <span class='ocrx_word' id='word_1_68' title='bbox 978 1152 1134 1223; x_wconf 81' lang='lat' dir='ltr'><strong>exceptive</strong></span> 
     </span>
     <span class='ocr_line' id='line_1_9' title="bbox 85 1226 1243 1304; baseline 0.003 -15"><span class='ocrx_word' id='word_1_69' title='bbox 85 1250 182 1292; x_wconf 83' lang='lat' dir='ltr'><strong>earum</strong></span> <span class='ocrx_word' id='word_1_70' title='bbox 198 1233 248 1289; x_wconf 85' lang='lat' dir='ltr'><strong>via</strong></span> <span class='ocrx_word' id='word_1_71' title='bbox 270 1232 450 1303; x_wconf 81' lang='lat' dir='ltr'><strong>pertineret:</strong></span> <span class='ocrx_word' id='word_1_72' title='bbox 475 1249 532 1304; x_wconf 87' lang='lat' dir='ltr'><strong>qua</strong></span> <span class='ocrx_word' id='word_1_73' title='bbox 553 1231 586 1287; x_wconf 91' lang='lat' dir='ltr'><strong>in</strong></span> <span class='ocrx_word' id='word_1_74' title='bbox 605 1232 752 1291; x_wconf 83' lang='lat' dir='ltr'><strong>senteutia</strong></span> <span class='ocrx_word' id='word_1_75' title='bbox 769 1231 839 1292; x_wconf 88' lang='lat' dir='ltr'><strong>olim</strong></span> <span class='ocrx_word' id='word_1_76' title='bbox 857 1226 1073 1291; x_wconf 79' lang='lat' dir='ltr'><strong>Valckenarius</strong></span> <span class='ocrx_word' id='word_1_77' title='bbox 1095 1232 1134 1293; x_wconf 85' lang='lat' dir='ltr'><strong>ad</strong></span> <span class='ocrx_word' id='word_1_78' title='bbox 1239 1226 1243 1231; x_wconf 40' lang='lat'>⁸</span> 
     </span>
     <span class='ocr_line' id='line_1_10' title="bbox 9 1310 1133 1390; baseline 0.005 -17"><span class='ocrx_word' id='word_1_79' title='bbox 9 1345 10 1352; x_wconf 37' lang='grc' dir='ltr'>ι</span> <span class='ocrx_word' id='word_1_80' title='bbox 84 1312 237 1389; x_wconf 71' lang='lat' dir='ltr'><strong>Euripidis</strong></span> <span class='ocrx_word' id='word_1_81' title='bbox 259 1314 410 1390; x_wconf 58' lang='lat' dir='ltr'><strong>Hippolyti</strong></span> <span class='ocrx_word' id='word_1_82' title='bbox 429 1333 458 1371; x_wconf 91' lang='lat' dir='ltr'><strong>v.</strong></span> <span class='ocrx_word' id='word_1_83' title='bbox 475 1318 548 1371; x_wconf 80' lang='lat'><strong>932.</strong></span> <span class='ocrx_word' id='word_1_84' title='bbox 568 1336 599 1388; x_wconf 92' lang='lat' dir='ltr'><strong>p.</strong></span> <span class='ocrx_word' id='word_1_85' title='bbox 614 1319 687 1373; x_wconf 85' lang='lat'><strong>282.</strong></span> <span class='ocrx_word' id='word_1_86' title='bbox 710 1312 755 1373; x_wconf 89' lang='lat' dir='ltr'><strong>ed.</strong></span> <span class='ocrx_word' id='word_1_87' title='bbox 776 1310 864 1389; x_wconf 81' lang='lat' dir='ltr'><strong>Lips.</strong></span> <span class='ocrx_word' id='word_1_88' title='bbox 882 1314 979 1373; x_wconf 85' lang='lat' dir='ltr'><strong>suerat</strong></span> <span class='ocrx_word' id='word_1_89' title='bbox 1000 1316 1133 1389; x_wconf 79' lang='lat' dir='ltr'><strong>aliosque</strong></span> 
     </span>
     <span class='ocr_line' id='line_1_11' title="bbox 84 1387 1132 1481; baseline 0.003 -23"><span class='ocrx_word' id='word_1_90' title='bbox 84 1396 223 1458; x_wconf 75' lang='lat' dir='ltr'><strong>babumt</strong></span> <span class='ocrx_word' id='word_1_91' title='bbox 244 1399 470 1456; x_wconf 81' lang='lat' dir='ltr'><strong>consentientes.</strong></span> <span class='ocrx_word' id='word_1_92' title='bbox 514 1395 576 1476; x_wconf 84' lang='lat' dir='ltr'><strong>Qui</strong></span> <span class='ocrx_word' id='word_1_93' title='bbox 597 1396 652 1457; x_wconf 85' lang='lat' dir='ltr'><strong>lroc</strong></span> <span class='ocrx_word' id='word_1_94' title='bbox 671 1406 836 1459; x_wconf 83' lang='lat' dir='ltr'><strong>statuerunt</strong></span> <span class='ocrx_word' id='word_1_95' title='bbox 856 1408 933 1457; x_wconf 86' lang='lat' dir='ltr'><strong>recte</strong></span> <span class='ocrx_word' id='word_1_96' title='bbox 950 1398 1006 1466; x_wconf 86' lang='lat' dir='ltr'><strong>dici</strong></span> <span class='ocrx_word' id='word_1_97' title='bbox 1023 1387 1132 1481; x_wconf 71' lang='grc' dir='ltr'><strong><em>ἀλλ’ἢ</em></strong></span> 
     </span>
     <span class='ocr_line' id='line_1_12' title="bbox 85 1480 1133 1557; baseline -0.001 -15"><span class='ocrx_word' id='word_1_98' title='bbox 85 1482 115 1542; x_wconf 88' lang='lat' dir='ltr'><strong>in</strong></span> <span class='ocrx_word' id='word_1_99' title='bbox 146 1483 400 1557; x_wconf 82' lang='lat' dir='ltr'><strong>interrogatione,</strong></span> <span class='ocrx_word' id='word_1_100' title='bbox 433 1482 466 1539; x_wconf 90' lang='lat' dir='ltr'><strong>iu</strong></span> <span class='ocrx_word' id='word_1_101' title='bbox 497 1480 698 1541; x_wconf 83' lang='lat' dir='ltr'><strong>adtinnatioue</strong></span> <span class='ocrx_word' id='word_1_102' title='bbox 730 1491 827 1541; x_wconf 86' lang='lat' dir='ltr'><strong>entem</strong></span> <span class='ocrx_word' id='word_1_103' title='bbox 854 1482 1040 1543; x_wconf 73' lang='lat' dir='ltr'><strong>scribendum</strong></span> <span class='ocrx_word' id='word_1_104' title='bbox 1068 1502 1133 1543; x_wconf 76' lang='lat' dir='ltr'><strong>ecee</strong></span> 
     </span>
     <span class='ocr_line' id='line_1_13' title="bbox 87 1556 1132 1648; baseline 0.003 -22"><span class='ocrx_word' id='word_1_105' title='bbox 87 1559 155 1627; x_wconf 66' lang='lat' dir='ltr'><strong>sill-l</strong></span> <span class='ocrx_word' id='word_1_106' title='bbox 175 1558 212 1648; x_wconf 81' lang='grc' dir='ltr'><strong>ἢ,</strong></span> <span class='ocrx_word' id='word_1_107' title='bbox 240 1565 338 1625; x_wconf 80' lang='lat' dir='ltr'><strong>veluti</strong></span> <span class='ocrx_word' id='word_1_108' title='bbox 365 1566 398 1622; x_wconf 87' lang='lat' dir='ltr'><strong>in</strong></span> <span class='ocrx_word' id='word_1_109' title='bbox 421 1562 574 1639; x_wconf 79' lang='lat' dir='ltr'><strong>Euripidis</strong></span> <span class='ocrx_word' id='word_1_110' title='bbox 593 1566 736 1625; x_wconf 79' lang='lat' dir='ltr'><strong>Aloestide</strong></span> <span class='ocrx_word' id='word_1_111' title='bbox 756 1586 784 1627; x_wconf 81' lang='lat' dir='ltr'><strong>v.</strong></span> <span class='ocrx_word' id='word_1_112' title='bbox 807 1570 880 1625; x_wconf 82' lang='lat'><strong>816.</strong></span> <span class='ocrx_word' id='word_1_113' title='bbox 911 1556 1002 1629; x_wconf 69' lang='lat' dir='ltr'><strong>&#39;All&#39;</strong></span> <span class='ocrx_word' id='word_1_114' title='bbox 1024 1556 1046 1648; x_wconf 77' lang='grc' dir='ltr'>ἢ</span> <span class='ocrx_word' id='word_1_115' title='bbox 1068 1560 1132 1629; x_wconf 75' lang='grc' dir='ltr'><strong>πέ·</strong></span> 
     </span>
     <span class='ocr_line' id='line_1_14' title="bbox 85 1640 1129 1730; baseline -0.001 -19"><span class='ocrx_word' id='word_1_116' title='bbox 85 1650 197 1711; x_wconf 61' lang='lat' dir='ltr'><strong>crovio</strong></span> <span class='ocrx_word' id='word_1_117' title='bbox 218 1640 342 1723; x_wconf 62' lang='lat' dir='ltr'><strong>deind,</strong></span> <span class='ocrx_word' id='word_1_118' title='bbox 368 1648 445 1722; x_wconf 86' lang='lat' dir='ltr'><strong>quod</strong></span> <span class='ocrx_word' id='word_1_119' title='bbox 468 1656 546 1708; x_wconf 87' lang='lat' dir='ltr'><strong>esset</strong></span> <span class='ocrx_word' id='word_1_120' title='bbox 565 1650 700 1724; x_wconf 71' lang='lat' dir='ltr'><strong>profecto.</strong></span> <span class='ocrx_word' id='word_1_121' title='bbox 744 1648 832 1730; x_wconf 81' lang='lat' dir='ltr'><strong>Quod</strong></span> <span class='ocrx_word' id='word_1_122' title='bbox 854 1658 899 1709; x_wconf 83' lang='lat' dir='ltr'><strong>eat</strong></span> <span class='ocrx_word' id='word_1_123' title='bbox 918 1649 1129 1711; x_wconf 81' lang='lat' dir='ltr'><strong>selsirsnmum.</strong></span> 
     </span>
     <span class='ocr_line' id='line_1_15' title="bbox 85 1729 1130 1809; baseline 0.003 -17"><span class='ocrx_word' id='word_1_124' title='bbox 85 1729 161 1792; x_wconf 77' lang='lat' dir='ltr'><strong>llam</strong></span> <span class='ocrx_word' id='word_1_125' title='bbox 181 1753 275 1809; x_wconf 83' lang='lat' dir='ltr'><strong>quem</strong></span> <span class='ocrx_word' id='word_1_126' title='bbox 299 1732 336 1791; x_wconf 90' lang='lat' dir='ltr'><strong>ad</strong></span> <span class='ocrx_word' id='word_1_127' title='bbox 356 1731 475 1793; x_wconf 89' lang='lat' dir='ltr'><strong>modum</strong></span> <span class='ocrx_word' id='word_1_128' title='bbox 494 1731 527 1793; x_wconf 89' lang='lat' dir='ltr'><strong>bi</strong></span> <span class='ocrx_word' id='word_1_129' title='bbox 546 1731 604 1790; x_wconf 88' lang='lat' dir='ltr'><strong>loci</strong></span> <span class='ocrx_word' id='word_1_130' title='bbox 623 1729 725 1791; x_wconf 82' lang='lat' dir='ltr'><strong>omues</strong></span> <span class='ocrx_word' id='word_1_131' title='bbox 745 1734 892 1796; x_wconf 75' lang='lat' dir='ltr'><strong>facillume</strong></span> <span class='ocrx_word' id='word_1_132' title='bbox 911 1736 1041 1796; x_wconf 83' lang='lat' dir='ltr'><strong>revocari</strong></span> <span class='ocrx_word' id='word_1_133' title='bbox 1062 1754 1130 1807; x_wconf 82' lang='lat' dir='ltr'><strong>pos·</strong></span> 
     </span>
     <span class='ocr_line' id='line_1_16' title="bbox 88 1803 1131 1895; baseline -0.002 -18"><span class='ocrx_word' id='word_1_134' title='bbox 88 1824 154 1877; x_wconf 66' lang='lat' dir='ltr'><strong>aaut</strong></span> <span class='ocrx_word' id='word_1_135' title='bbox 176 1816 212 1875; x_wconf 89' lang='lat' dir='ltr'><strong>ad</strong></span> <span class='ocrx_word' id='word_1_136' title='bbox 235 1815 398 1890; x_wconf 85' lang='lat' dir='ltr'><strong>particulas</strong></span> <span class='ocrx_word' id='word_1_137' title='bbox 422 1806 494 1878; x_wconf 69' lang='grc' dir='ltr'><strong>ἀλλ’</strong></span> <span class='ocrx_word' id='word_1_138' title='bbox 516 1803 552 1895; x_wconf 79' lang='grc' dir='ltr'><strong>ἦ,</strong></span> <span class='ocrx_word' id='word_1_139' title='bbox 581 1816 623 1878; x_wconf 87' lang='lat' dir='ltr'><strong>sic</strong></span> <span class='ocrx_word' id='word_1_140' title='bbox 649 1816 732 1875; x_wconf 88' lang='lat' dir='ltr'><strong>nullo</strong></span> <span class='ocrx_word' id='word_1_141' title='bbox 759 1817 844 1877; x_wconf 90' lang='lat' dir='ltr'><strong>modo</strong></span> <span class='ocrx_word' id='word_1_142' title='bbox 867 1824 964 1891; x_wconf 87' lang='lat' dir='ltr'><strong>potest</strong></span> <span class='ocrx_word' id='word_1_143' title='bbox 983 1816 1131 1893; x_wconf 68' lang='lat' dir='ltr'><strong>intellegi,</strong></span> 
     </span>
     <span class='ocr_line' id='line_1_17' title="bbox 87 1888 1203 1981; baseline 0.004 -25"><span class='ocrx_word' id='word_1_144' title='bbox 87 1900 137 1973; x_wconf 73' lang='lat' dir='ltr'><strong>qui</strong></span> <span class='ocrx_word' id='word_1_145' title='bbox 152 1900 262 1959; x_wconf 79' lang='lat' dir='ltr'><strong>sactum</strong></span> <span class='ocrx_word' id='word_1_146' title='bbox 285 1902 336 1976; x_wconf 92' lang='lat' dir='ltr'><strong>ait,</strong></span> <span class='ocrx_word' id='word_1_147' title='bbox 358 1908 390 1958; x_wconf 91' lang='lat' dir='ltr'><strong>ut</strong></span> <span class='ocrx_word' id='word_1_148' title='bbox 408 1900 551 1973; x_wconf 88' lang='lat' dir='ltr'><strong>particula</strong></span> <span class='ocrx_word' id='word_1_149' title='bbox 571 1888 594 1981; x_wconf 78' lang='grc' dir='ltr'>ἢ</span> <span class='ocrx_word' id='word_1_150' title='bbox 615 1899 789 1963; x_wconf 85' lang='lat' dir='ltr'><strong>adlinnaudi</strong></span> <span class='ocrx_word' id='word_1_151' title='bbox 806 1903 866 1961; x_wconf 89' lang='lat' dir='ltr'><strong>vim</strong></span> <span class='ocrx_word' id='word_1_152' title='bbox 879 1903 1032 1976; x_wconf 87' lang='lat' dir='ltr'><strong>acceperit,</strong></span> <span class='ocrx_word' id='word_1_153' title='bbox 1052 1921 1130 1975; x_wconf 86' lang='lat' dir='ltr'><strong>quae</strong></span> <span class='ocrx_word' id='word_1_154' title='bbox 1201 1932 1203 1941; x_wconf 60' lang='lat'><strong><em>¹</em></strong></span> 
     </span>
     <span class='ocr_line' id='line_1_18' title="bbox 87 1982 1135 2059; baseline 0.005 -19"><span class='ocrx_word' id='word_1_155' title='bbox 87 1982 159 2044; x_wconf 82' lang='lat' dir='ltr'><strong>nihil</strong></span> <span class='ocrx_word' id='word_1_156' title='bbox 176 2004 323 2059; x_wconf 84' lang='lat' dir='ltr'><strong>umquam</strong></span> <span class='ocrx_word' id='word_1_157' title='bbox 340 1983 421 2042; x_wconf 88' lang='lat' dir='ltr'><strong>aliud</strong></span> <span class='ocrx_word' id='word_1_158' title='bbox 440 1990 542 2057; x_wconf 78' lang='lat' dir='ltr'><strong>ageret</strong></span> <span class='ocrx_word' id='word_1_159' title='bbox 557 1986 615 2043; x_wconf 90' lang='lat' dir='ltr'><strong>uisi</strong></span> <span class='ocrx_word' id='word_1_160' title='bbox 627 1997 661 2042; x_wconf 89' lang='lat' dir='ltr'><strong>ut</strong></span> <span class='ocrx_word' id='word_1_161' title='bbox 676 1984 826 2043; x_wconf 88' lang='lat' dir='ltr'><strong>dirimeret</strong></span> <span class='ocrx_word' id='word_1_162' title='bbox 840 1984 969 2045; x_wconf 85' lang='lat' dir='ltr'><strong>diversas</strong></span> <span class='ocrx_word' id='word_1_163' title='bbox 982 1986 1135 2046; x_wconf 77' lang='lat' dir='ltr'><strong>notiones:</strong></span> 
     </span>
     <span class='ocr_line' id='line_1_19' title="bbox 87 2063 1133 2145; baseline 0.001 -17"><span class='ocrx_word' id='word_1_164' title='bbox 87 2063 162 2128; x_wconf 86' lang='lat' dir='ltr'><strong>Illud</strong></span> <span class='ocrx_word' id='word_1_165' title='bbox 188 2078 288 2129; x_wconf 84' lang='lat' dir='ltr'><strong>autem</strong></span> <span class='ocrx_word' id='word_1_166' title='bbox 312 2068 395 2125; x_wconf 89' lang='lat' dir='ltr'><strong>nullo</strong></span> <span class='ocrx_word' id='word_1_167' title='bbox 422 2068 509 2126; x_wconf 90' lang='lat' dir='ltr'><strong>modo</strong></span> <span class='ocrx_word' id='word_1_168' title='bbox 535 2087 655 2141; x_wconf 76' lang='lat' dir='ltr'><strong>poscam</strong></span> <span class='ocrx_word' id='word_1_169' title='bbox 681 2066 839 2145; x_wconf 72' lang='lat' dir='ltr'><strong>Kroegero</strong></span> <span class='ocrx_word' id='word_1_170' title='bbox 867 2068 1022 2141; x_wconf 75' lang='lat' dir='ltr'><strong>adsentiri,</strong></span> <span class='ocrx_word' id='word_1_171' title='bbox 1052 2066 1133 2143; x_wconf 80' lang='lat' dir='ltr'><strong>quod</strong></span> 
     </span>
     <span class='ocr_line' id='line_1_20' title="bbox 88 2139 1132 2233; baseline 0.004 -26"><span class='ocrx_word' id='word_1_172' title='bbox 88 2172 175 2227; x_wconf 80' lang='lat' dir='ltr'><strong>quom</strong></span> <span class='ocrx_word' id='word_1_173' title='bbox 195 2153 335 2227; x_wconf 82' lang='lat' dir='ltr'><strong>plerique</strong></span> <span class='ocrx_word' id='word_1_174' title='bbox 356 2153 537 2227; x_wconf 82' lang='lat' dir='ltr'><strong>grammatici</strong></span> <span class='ocrx_word' id='word_1_175' title='bbox 561 2150 592 2209; x_wconf 93' lang='lat' dir='ltr'><strong>id</strong></span> <span class='ocrx_word' id='word_1_176' title='bbox 616 2154 802 2211; x_wconf 86' lang='lat' dir='ltr'><strong>coustitutum</strong></span> <span class='ocrx_word' id='word_1_177' title='bbox 827 2150 984 2224; x_wconf 84' lang='lat' dir='ltr'><strong>habereut,</strong></span> <span class='ocrx_word' id='word_1_178' title='bbox 1014 2139 1132 2233; x_wconf 68' lang='grc' dir='ltr'><em>ἀλλ’ἢ</em></span> 
     </span>
     <span class='ocr_line' id='line_1_21' title="bbox 88 2233 1132 2312; baseline 0.001 -20"><span class='ocrx_word' id='word_1_179' title='bbox 88 2244 197 2292; x_wconf 89' lang='lat' dir='ltr'><strong>tautum</strong></span> <span class='ocrx_word' id='word_1_180' title='bbox 216 2236 304 2294; x_wconf 89' lang='lat' dir='ltr'><strong>modo</strong></span> <span class='ocrx_word' id='word_1_181' title='bbox 325 2237 359 2293; x_wconf 91' lang='lat' dir='ltr'><strong>iu</strong></span> <span class='ocrx_word' id='word_1_182' title='bbox 381 2236 610 2309; x_wconf 76' lang='lat' dir='ltr'><strong>interrogatione</strong></span> <span class='ocrx_word' id='word_1_183' title='bbox 631 2237 674 2295; x_wconf 87' lang='lat' dir='ltr'><strong>sic</strong></span> <span class='ocrx_word' id='word_1_184' title='bbox 693 2236 783 2308; x_wconf 90' lang='lat' dir='ltr'><strong>poni,</strong></span> <span class='ocrx_word' id='word_1_185' title='bbox 811 2233 863 2291; x_wconf 91' lang='lat' dir='ltr'><strong>ille</strong></span> <span class='ocrx_word' id='word_1_186' title='bbox 884 2236 983 2312; x_wconf 84' lang='lat' dir='ltr'><strong>potius</strong></span> <span class='ocrx_word' id='word_1_187' title='bbox 1004 2235 1047 2291; x_wconf 88' lang='lat' dir='ltr'><strong>ita</strong></span> <span class='ocrx_word' id='word_1_188' title='bbox 1068 2254 1132 2301; x_wconf 70' lang='lat' dir='ltr'><strong>rent</strong></span> 
     </span>
     <span class='ocr_line' id='line_1_22' title="bbox 88 2295 1130 2393; baseline -0.002 -18"><span class='ocrx_word' id='word_1_189' title='bbox 88 2317 303 2378; x_wconf 84' lang='lat' dir='ltr'><strong>diiudicandam</strong></span> <span class='ocrx_word' id='word_1_190' title='bbox 321 2321 447 2393; x_wconf 89' lang='lat' dir='ltr'><strong>putavit,</strong></span> <span class='ocrx_word' id='word_1_191' title='bbox 466 2328 501 2376; x_wconf 93' lang='lat' dir='ltr'><strong>ut</strong></span> <span class='ocrx_word' id='word_1_192' title='bbox 521 2337 611 2393; x_wconf 90' lang='lat' dir='ltr'><strong>quom</strong></span> <span class='ocrx_word' id='word_1_193' title='bbox 631 2320 665 2376; x_wconf 89' lang='lat' dir='ltr'><strong>iu</strong></span> <span class='ocrx_word' id='word_1_194' title='bbox 681 2318 826 2391; x_wconf 73' lang='lat' dir='ltr'><strong>plurumis</strong></span> <span class='ocrx_word' id='word_1_195' title='bbox 838 2295 910 2376; x_wconf 88' lang='lat' dir='ltr'><strong>locis</strong></span> <span class='ocrx_word' id='word_1_196' title='bbox 925 2318 1130 2391; x_wconf 77' lang='lat' dir='ltr'><strong>interrogatiu-</strong></span> 
     </span>
     <span class='ocr_line' id='line_1_23' title="bbox 89 2399 1131 2479; baseline 0.001 -22"><span class='ocrx_word' id='word_1_197' title='bbox 89 2420 155 2459; x_wconf 86' lang='lat' dir='ltr'><strong>nem</strong></span> <span class='ocrx_word' id='word_1_198' title='bbox 183 2411 339 2479; x_wconf 61' lang='lat' dir='ltr'><strong>mosset,</strong></span> <span class='ocrx_word' id='word_1_199' title='bbox 365 2406 400 2461; x_wconf 90' lang='lat' dir='ltr'><strong>in</strong></span> <span class='ocrx_word' id='word_1_200' title='bbox 421 2402 489 2462; x_wconf 87' lang='lat' dir='ltr'><strong>aliis</strong></span> <span class='ocrx_word' id='word_1_201' title='bbox 514 2412 611 2460; x_wconf 89' lang='lat' dir='ltr'><strong>tamen</strong></span> <span class='ocrx_word' id='word_1_202' title='bbox 631 2399 704 2461; x_wconf 89' lang='lat' dir='ltr'><strong>locis</strong></span> <span class='ocrx_word' id='word_1_203' title='bbox 725 2402 935 2473; x_wconf 75' lang='lat' dir='ltr'><strong>interpretibus</strong></span> <span class='ocrx_word' id='word_1_204' title='bbox 958 2399 1131 2473; x_wconf 86' lang='lat' dir='ltr'><strong>quibusdam</strong></span> 
     </span>
     <span class='ocr_line' id='line_1_24' title="bbox 89 2480 1132 2559; baseline 0.001 -17"><span class='ocrx_word' id='word_1_205' title='bbox 89 2485 318 2546; x_wconf 81' lang='lat' dir='ltr'><strong>adfirmationem</strong></span> <span class='ocrx_word' id='word_1_206' title='bbox 345 2488 412 2544; x_wconf 90' lang='lat' dir='ltr'><strong>sine</strong></span> <span class='ocrx_word' id='word_1_207' title='bbox 439 2487 667 2559; x_wconf 80' lang='lat' dir='ltr'><strong>interrogatione</strong></span> <span class='ocrx_word' id='word_1_208' title='bbox 690 2484 869 2547; x_wconf 80' lang='lat' dir='ltr'><strong>concederet.</strong></span> <span class='ocrx_word' id='word_1_209' title='bbox 911 2480 990 2543; x_wconf 83' lang='lat' dir='ltr'><strong>Nam</strong></span> <span class='ocrx_word' id='word_1_210' title='bbox 1011 2486 1066 2542; x_wconf 87' lang='lat' dir='ltr'><strong>etsi</strong></span> <span class='ocrx_word' id='word_1_211' title='bbox 1087 2485 1132 2543; x_wconf 85' lang='lat' dir='ltr'><strong>lu·</strong></span> 
     </span>
     <span class='ocr_line' id='line_1_25' title="bbox 90 2566 1132 2647; baseline 0.002 -20"><span class='ocrx_word' id='word_1_212' title='bbox 90 2570 189 2627; x_wconf 90' lang='lat' dir='ltr'><strong>beuter</strong></span> <span class='ocrx_word' id='word_1_213' title='bbox 209 2572 241 2629; x_wconf 86' lang='lat' dir='ltr'><strong>id</strong></span> <span class='ocrx_word' id='word_1_214' title='bbox 265 2570 412 2629; x_wconf 86' lang='lat' dir='ltr'><strong>adsentior</strong></span> <span class='ocrx_word' id='word_1_215' title='bbox 425 2566 591 2645; x_wconf 75' lang='lat' dir='ltr'><strong>Krucgero,</strong></span> <span class='ocrx_word' id='word_1_216' title='bbox 612 2569 769 2643; x_wconf 84' lang='lat' dir='ltr'><strong>quodcum</strong></span> <span class='ocrx_word' id='word_1_217' title='bbox 784 2566 984 2642; x_wconf 75' lang='lat' dir='ltr'><strong>Hoogeveeuo</strong></span> <span class='ocrx_word' id='word_1_218' title='bbox 997 2567 1034 2631; x_wconf 89' lang='lat' dir='ltr'><strong>de</strong></span> <span class='ocrx_word' id='word_1_219' title='bbox 1045 2588 1132 2647; x_wconf 77' lang='lat' dir='ltr'><strong>preo-</strong></span> 
     </span>
     <span class='ocr_line' id='line_1_26' title="bbox 90 2641 1132 2737; baseline 0.002 -26"><span class='ocrx_word' id='word_1_220' title='bbox 90 2663 170 2727; x_wconf 91' lang='lat' dir='ltr'><strong>ocpto</strong></span> <span class='ocrx_word' id='word_1_221' title='bbox 191 2650 353 2729; x_wconf 78' lang='lat' dir='ltr'><strong>Hesycbii:</strong></span> <span class='ocrx_word' id='word_1_222' title='bbox 384 2641 415 2737; x_wconf 82' lang='grc' dir='ltr'><strong>ἦ,</strong></span> <span class='ocrx_word' id='word_1_223' title='bbox 437 2645 583 2736; x_wconf 65' lang='grc' dir='ltr'><em>ἀληθῶς,</em></span> <span class='ocrx_word' id='word_1_224' title='bbox 606 2646 714 2728; x_wconf 78' lang='grc' dir='ltr'>ὄντως,</span> <span class='ocrx_word' id='word_1_225' title='bbox 736 2672 800 2713; x_wconf 85' lang='lat' dir='ltr'><strong>oero</strong></span> <span class='ocrx_word' id='word_1_226' title='bbox 821 2651 986 2729; x_wconf 72' lang='lat' dir='ltr'><strong>siguificare</strong></span> <span class='ocrx_word' id='word_1_227' title='bbox 1006 2654 1132 2729; x_wconf 82' lang='lat' dir='ltr'><strong>putavit,</strong></span> 
     </span>
     <span class='ocr_line' id='line_1_27' title="bbox 88 2734 1129 2812; baseline 0.002 -16"><span class='ocrx_word' id='word_1_228' title='bbox 88 2739 146 2796; x_wconf 81' lang='lat' dir='ltr'><strong>uisi</strong></span> <span class='ocrx_word' id='word_1_229' title='bbox 166 2736 248 2810; x_wconf 85' lang='lat' dir='ltr'><strong>quod</strong></span> <span class='ocrx_word' id='word_1_230' title='bbox 266 2738 374 2796; x_wconf 86' lang='lat' dir='ltr'><strong>iniuria</strong></span> <span class='ocrx_word' id='word_1_231' title='bbox 395 2756 514 2812; x_wconf 87' lang='lat' dir='ltr'><strong>carpere</strong></span> <span class='ocrx_word' id='word_1_232' title='bbox 535 2736 652 2795; x_wconf 90' lang='lat' dir='ltr'><strong>videtur</strong></span> <span class='ocrx_word' id='word_1_233' title='bbox 672 2739 723 2812; x_wconf 89' lang='lat' dir='ltr'><strong>(p.</strong></span> <span class='ocrx_word' id='word_1_234' title='bbox 746 2738 852 2798; x_wconf 78' lang='lat' dir='ltr'><strong>teia</strong></span> <span class='ocrx_word' id='word_1_235' title='bbox 873 2737 1059 2799; x_wconf 83' lang='lat' dir='ltr'><strong>aduotatioue</strong></span> <span class='ocrx_word' id='word_1_236' title='bbox 1081 2734 1129 2810; x_wconf 85' lang='lat'><strong>*))</strong></span> 
     </span>
     <span class='ocr_line' id='line_1_28' title="bbox 11 2809 1131 2904; baseline 0 -25"><span class='ocrx_word' id='word_1_237' title='bbox 11 2889 12 2900; x_wconf 11' lang='grc' dir='ltr'>χ</span> <span class='ocrx_word' id='word_1_238' title='bbox 88 2816 271 2895; x_wconf 84' lang='lat' dir='ltr'><strong>Riemerum,</strong></span> <span class='ocrx_word' id='word_1_239' title='bbox 292 2823 394 2895; x_wconf 84' lang='lat' dir='ltr'><strong>quiin</strong></span> <span class='ocrx_word' id='word_1_240' title='bbox 415 2825 523 2882; x_wconf 73' lang='lat' dir='ltr'><strong>Lea-tro</strong></span> <span class='ocrx_word' id='word_1_241' title='bbox 547 2820 595 2881; x_wconf 77' lang='lat' dir='ltr'><strong>Gr.</strong></span> <span class='ocrx_word' id='word_1_242' title='bbox 615 2841 639 2880; x_wconf 88' lang='lat' dir='ltr'><strong>s.</strong></span> <span class='ocrx_word' id='word_1_243' title='bbox 662 2842 691 2879; x_wconf 92' lang='lat' dir='ltr'><strong>v.</strong></span> <span class='ocrx_word' id='word_1_244' title='bbox 717 2809 738 2904; x_wconf 84' lang='grc' dir='ltr'><strong><em>ἦ</em></strong></span> <span class='ocrx_word' id='word_1_245' title='bbox 759 2840 825 2879; x_wconf 89' lang='lat' dir='ltr'><strong>mea</strong></span> <span class='ocrx_word' id='word_1_246' title='bbox 846 2819 965 2895; x_wconf 85' lang='lat' dir='ltr'><strong>quidem</strong></span> <span class='ocrx_word' id='word_1_247' title='bbox 985 2820 1131 2887; x_wconf 77' lang='lat' dir='ltr'><strong>sententie</strong></span> 
     </span>
     <span class='ocr_line' id='line_1_29' title="bbox 87 2891 1131 2987; baseline 0.003 -27"><span class='ocrx_word' id='word_1_248' title='bbox 87 2904 259 2963; x_wconf 68' lang='lat' dir='ltr'><strong>rectissume</strong></span> <span class='ocrx_word' id='word_1_249' title='bbox 279 2906 399 2965; x_wconf 90' lang='lat' dir='ltr'><strong>averbo</strong></span> <span class='ocrx_word' id='word_1_250' title='bbox 420 2893 441 2987; x_wconf 79' lang='grc' dir='ltr'><em>ἦ</em></span> <span class='ocrx_word' id='word_1_251' title='bbox 460 2904 509 2963; x_wconf 92' lang='lat' dir='ltr'><strong>vel</strong></span> <span class='ocrx_word' id='word_1_252' title='bbox 531 2891 570 2987; x_wconf 80' lang='grc' dir='ltr'><strong>ἦν</strong></span> <span class='ocrx_word' id='word_1_253' title='bbox 591 2902 742 2965; x_wconf 87' lang='lat' dir='ltr'><strong>deductam</strong></span> <span class='ocrx_word' id='word_1_254' title='bbox 761 2902 837 2962; x_wconf 88' lang='lat' dir='ltr'><strong>hauc</strong></span> <span class='ocrx_word' id='word_1_255' title='bbox 857 2925 958 2963; x_wconf 90' lang='lat' dir='ltr'><strong>vocem</strong></span> <span class='ocrx_word' id='word_1_256' title='bbox 981 2924 1045 2969; x_wconf 81' lang='lat' dir='ltr'><strong>esse</strong></span> <span class='ocrx_word' id='word_1_257' title='bbox 1067 2924 1131 2963; x_wconf 72' lang='lat' dir='ltr'><strong>cre-</strong></span> 
     </span>
     <span class='ocr_line' id='line_1_30' title="bbox 88 2984 1131 3078; baseline 0.002 -31"><span class='ocrx_word' id='word_1_258' title='bbox 88 2985 177 3062; x_wconf 87' lang='lat' dir='ltr'><strong>didit,</strong></span> <span class='ocrx_word' id='word_1_259' title='bbox 211 3007 270 3078; x_wconf 70' lang='lat' dir='ltr'><strong>que</strong></span> <span class='ocrx_word' id='word_1_260' title='bbox 298 2988 384 3049; x_wconf 89' lang='lat' dir='ltr'><strong>dere</strong></span> <span class='ocrx_word' id='word_1_261' title='bbox 405 2988 485 3047; x_wconf 81' lang='lat' dir='ltr'><strong>iufra</strong></span> <span class='ocrx_word' id='word_1_262' title='bbox 499 2984 636 3062; x_wconf 76' lang='lat' dir='ltr'><strong>dicetur,</strong></span> <span class='ocrx_word' id='word_1_263' title='bbox 663 2990 715 3045; x_wconf 90' lang='lat' dir='ltr'><strong>ubi</strong></span> <span class='ocrx_word' id='word_1_264' title='bbox 736 2986 910 3053; x_wconf 75' lang='lat' dir='ltr'><strong>disseremus</strong></span> <span class='ocrx_word' id='word_1_265' title='bbox 932 2988 968 3045; x_wconf 88' lang='lat' dir='ltr'><strong>de</strong></span> <span class='ocrx_word' id='word_1_266' title='bbox 989 2986 1131 3063; x_wconf 73' lang='lat' dir='ltr'><strong>particula</strong></span> 
     </span>
     <span class='ocr_line' id='line_1_31' title="bbox 87 3060 1131 3152; baseline 0 -23"><span class='ocrx_word' id='word_1_267' title='bbox 87 3060 166 3152; x_wconf 73' lang='lat' dir='ltr'><strong>p⁷ad</strong></span> <span class='ocrx_word' id='word_1_268' title='bbox 185 3093 216 3145; x_wconf 90' lang='lat' dir='ltr'><strong>p.</strong></span> <span class='ocrx_word' id='word_1_269' title='bbox 239 3076 301 3146; x_wconf 78' lang='lat'><strong>92,</strong></span> <span class='ocrx_word' id='word_1_270' title='bbox 323 3074 472 3130; x_wconf 88' lang='lat' dir='ltr'><strong>tamenin</strong></span> <span class='ocrx_word' id='word_1_271' title='bbox 493 3073 627 3129; x_wconf 87' lang='lat' dir='ltr'><strong>omnibus</strong></span> <span class='ocrx_word' id='word_1_272' title='bbox 647 3071 685 3129; x_wconf 86' lang='lat' dir='ltr'><strong>iia</strong></span> <span class='ocrx_word' id='word_1_273' title='bbox 705 3070 787 3142; x_wconf 86' lang='lat' dir='ltr'><strong>locis,</strong></span> <span class='ocrx_word' id='word_1_274' title='bbox 811 3072 844 3129; x_wconf 90' lang='lat' dir='ltr'><strong>in</strong></span> <span class='ocrx_word' id='word_1_275' title='bbox 865 3071 970 3145; x_wconf 82' lang='lat' dir='ltr'><strong>quibua</strong></span> <span class='ocrx_word' id='word_1_276' title='bbox 991 3070 1131 3141; x_wconf 77' lang='lat' dir='ltr'><strong>leguntur</strong></span> 
     </span>
     <span class='ocr_line' id='line_1_32' title="bbox 88 3146 1131 3239; baseline -0.001 -27"><span class='ocrx_word' id='word_1_277' title='bbox 88 3157 247 3227; x_wconf 86' lang='lat' dir='ltr'><strong>particulae</strong></span> <span class='ocrx_word' id='word_1_278' title='bbox 274 3146 347 3218; x_wconf 72' lang='grc' dir='ltr'><strong>ἀλλ’</strong></span> <span class='ocrx_word' id='word_1_279' title='bbox 369 3146 408 3239; x_wconf 79' lang='grc' dir='ltr'><strong>ἦ,</strong></span> <span class='ocrx_word' id='word_1_280' title='bbox 437 3154 640 3229; x_wconf 74' lang='lat' dir='ltr'><strong>interrogandi</strong></span> <span class='ocrx_word' id='word_1_281' title='bbox 665 3154 711 3211; x_wconf 90' lang='lat' dir='ltr'><strong>vis</strong></span> <span class='ocrx_word' id='word_1_282' title='bbox 738 3151 812 3210; x_wconf 87' lang='lat' dir='ltr'><strong>milri</strong></span> <span class='ocrx_word' id='word_1_283' title='bbox 840 3154 955 3211; x_wconf 87' lang='lat' dir='ltr'><strong>videtur</strong></span> <span class='ocrx_word' id='word_1_284' title='bbox 977 3152 1131 3211; x_wconf 83' lang='lat' dir='ltr'><strong>retinenda</strong></span> 
     </span>
     <span class='ocr_line' id='line_1_33' title="bbox 87 3234 1131 3314; baseline -0.002 -19"><span class='ocrx_word' id='word_1_285' title='bbox 87 3258 159 3314; x_wconf 85' lang='lat' dir='ltr'><strong>esre,</strong></span> <span class='ocrx_word' id='word_1_286' title='bbox 179 3249 221 3311; x_wconf 89' lang='lat' dir='ltr'><strong>nt,</strong></span> <span class='ocrx_word' id='word_1_287' title='bbox 247 3242 274 3297; x_wconf 82' lang='lat' dir='ltr'><strong>si</strong></span> <span class='ocrx_word' id='word_1_288' title='bbox 295 3241 411 3313; x_wconf 87' lang='lat' dir='ltr'><strong>quaudo</strong></span> <span class='ocrx_word' id='word_1_289' title='bbox 434 3238 547 3312; x_wconf 82' lang='lat' dir='ltr'><strong>aliquid</strong></span> <span class='ocrx_word' id='word_1_290' title='bbox 567 3237 716 3295; x_wconf 84' lang='lat' dir='ltr'><strong>adfirmari</strong></span> <span class='ocrx_word' id='word_1_291' title='bbox 737 3234 880 3309; x_wconf 86' lang='lat' dir='ltr'><strong>videatur,</strong></span> <span class='ocrx_word' id='word_1_292' title='bbox 899 3236 930 3294; x_wconf 90' lang='lat' dir='ltr'><strong>id</strong></span> <span class='ocrx_word' id='word_1_293' title='bbox 951 3244 1048 3292; x_wconf 86' lang='lat' dir='ltr'><strong>tamen</strong></span> <span class='ocrx_word' id='word_1_294' title='bbox 1069 3256 1131 3293; x_wconf 90' lang='lat' dir='ltr'><strong>uon</strong></span> 
     </span>
     <span class='ocr_line' id='line_1_34' title="bbox 86 3316 1132 3397; baseline -0.004 -19"><span class='ocrx_word' id='word_1_295' title='bbox 86 3321 136 3379; x_wconf 84' lang='lat' dir='ltr'><strong>fiat</strong></span> <span class='ocrx_word' id='word_1_296' title='bbox 155 3325 215 3382; x_wconf 89' lang='lat' dir='ltr'><strong>uisi</strong></span> <span class='ocrx_word' id='word_1_297' title='bbox 234 3343 291 3397; x_wconf 90' lang='lat' dir='ltr'><strong>per</strong></span> <span class='ocrx_word' id='word_1_298' title='bbox 305 3326 573 3397; x_wconf 79' lang='lat' dir='ltr'><strong>interrogationem,</strong></span> <span class='ocrx_word' id='word_1_299' title='bbox 592 3324 702 3397; x_wconf 86' lang='lat' dir='ltr'><strong>quippe</strong></span> <span class='ocrx_word' id='word_1_300' title='bbox 717 3340 791 3394; x_wconf 82' lang='lat' dir='ltr'><strong>quae</strong></span> <span class='ocrx_word' id='word_1_301' title='bbox 805 3320 877 3377; x_wconf 85' lang='lat' dir='ltr'><strong>adeo</strong></span> <span class='ocrx_word' id='word_1_302' title='bbox 892 3320 1014 3394; x_wconf 88' lang='lat' dir='ltr'><strong>propria</strong></span> <span class='ocrx_word' id='word_1_303' title='bbox 1026 3316 1132 3375; x_wconf 88' lang='lat' dir='ltr'><strong>barum</strong></span> 
     </span>
     <span class='ocr_line' id='line_1_35' title="bbox 13 3402 1133 3480; baseline -0.001 -16"><span class='ocrx_word' id='word_1_304' title='bbox 13 3419 14 3434; x_wconf 72' lang='lat'>³</span> <span class='ocrx_word' id='word_1_305' title='bbox 85 3407 293 3479; x_wconf 84' lang='lat' dir='ltr'><strong>particularum</strong></span> <span class='ocrx_word' id='word_1_306' title='bbox 313 3407 390 3467; x_wconf 79' lang='lat' dir='ltr'><strong>facte</strong></span> <span class='ocrx_word' id='word_1_307' title='bbox 410 3428 475 3469; x_wconf 79' lang='lat' dir='ltr'><strong>esee</strong></span> <span class='ocrx_word' id='word_1_308' title='bbox 496 3405 638 3480; x_wconf 86' lang='lat' dir='ltr'><strong>videatur,</strong></span> <span class='ocrx_word' id='word_1_309' title='bbox 660 3415 691 3463; x_wconf 90' lang='lat' dir='ltr'><strong>ut</strong></span> <span class='ocrx_word' id='word_1_310' title='bbox 712 3407 750 3463; x_wconf 92' lang='lat' dir='ltr'><strong>ab</strong></span> <span class='ocrx_word' id='word_1_311' title='bbox 770 3402 903 3464; x_wconf 84' lang='lat' dir='ltr'><strong>beclem</strong></span> <span class='ocrx_word' id='word_1_312' title='bbox 925 3402 1133 3463; x_wconf 77' lang='lat' dir='ltr'><strong>cousuetudine</strong></span> 
     </span>
     <span class='ocr_line' id='line_1_36' title="bbox 85 3486 1254 3560; baseline -0.005 -13"><span class='ocrx_word' id='word_1_313' title='bbox 85 3489 193 3549; x_wconf 82' lang='lat' dir='ltr'><strong>dicendi</strong></span> <span class='ocrx_word' id='word_1_314' title='bbox 221 3490 365 3554; x_wconf 87' lang='lat' dir='ltr'><strong>recedere</strong></span> <span class='ocrx_word' id='word_1_315' title='bbox 391 3512 451 3552; x_wconf 89' lang='lat' dir='ltr'><strong>uon</strong></span> <span class='ocrx_word' id='word_1_316' title='bbox 477 3490 587 3553; x_wconf 87' lang='lat' dir='ltr'><strong>liceret.</strong></span> <span class='ocrx_word' id='word_1_317' title='bbox 631 3488 721 3551; x_wconf 85' lang='lat' dir='ltr'><strong>Ratio</strong></span> <span class='ocrx_word' id='word_1_318' title='bbox 746 3496 844 3547; x_wconf 89' lang='lat' dir='ltr'><strong>autem</strong></span> <span class='ocrx_word' id='word_1_319' title='bbox 864 3496 952 3560; x_wconf 78' lang='lat' dir='ltr'><strong>atque</strong></span> <span class='ocrx_word' id='word_1_320' title='bbox 972 3489 1017 3547; x_wconf 86' lang='lat' dir='ltr'><strong>vis</strong></span> <span class='ocrx_word' id='word_1_321' title='bbox 1042 3486 1131 3549; x_wconf 85' lang='lat' dir='ltr'><strong>buius</strong></span> <span class='ocrx_word' id='word_1_322' title='bbox 1187 3550 1191 3557; x_wconf 50' lang='grc'>,</span> <span class='ocrx_word' id='word_1_323' title='bbox 1251 3532 1254 3541; x_wconf 66' lang='lat'><strong>.</strong></span> 
     </span>
     <span class='ocr_line' id='line_1_37' title="bbox 85 3570 1132 3650; baseline -0.002 -19"><span class='ocrx_word' id='word_1_324' title='bbox 85 3571 236 3638; x_wconf 81' lang='lat' dir='ltr'><strong>locutionis</strong></span> <span class='ocrx_word' id='word_1_325' title='bbox 274 3573 348 3635; x_wconf 83' lang='lat' dir='ltr'><strong>baec</strong></span> <span class='ocrx_word' id='word_1_326' title='bbox 381 3585 441 3650; x_wconf 85' lang='lat' dir='ltr'><strong>est,</strong></span> <span class='ocrx_word' id='word_1_327' title='bbox 474 3582 507 3633; x_wconf 91' lang='lat' dir='ltr'><strong>ut</strong></span> <span class='ocrx_word' id='word_1_328' title='bbox 538 3576 574 3632; x_wconf 90' lang='lat' dir='ltr'><strong>ab</strong></span> <span class='ocrx_word' id='word_1_329' title='bbox 605 3572 810 3646; x_wconf 77' lang='lat' dir='ltr'><strong>iis‘quidem‚</strong></span> <span class='ocrx_word' id='word_1_330' title='bbox 844 3590 918 3645; x_wconf 89' lang='lat' dir='ltr'><strong>qnae</strong></span> <span class='ocrx_word' id='word_1_331' title='bbox 950 3570 1043 3635; x_wconf 87' lang='lat' dir='ltr'><strong>adbuc</strong></span> <span class='ocrx_word' id='word_1_332' title='bbox 1069 3580 1132 3629; x_wconf 89' lang='lat' dir='ltr'><strong>acta</strong></span> 
     </span>
     <span class='ocr_line' id='line_1_38' title="bbox 86 3648 1131 3736; baseline 0 -21"><span class='ocrx_word' id='word_1_333' title='bbox 86 3668 164 3731; x_wconf 85' lang='lat' dir='ltr'><strong>auat,</strong></span> <span class='ocrx_word' id='word_1_334' title='bbox 193 3680 253 3736; x_wconf 82' lang='lat' dir='ltr'><strong>par</strong></span> <span class='ocrx_word' id='word_1_335' title='bbox 275 3659 449 3735; x_wconf 84' lang='lat' dir='ltr'><strong>particulam</strong></span> <span class='ocrx_word' id='word_1_336' title='bbox 474 3648 559 3722; x_wconf 75' lang='grc' dir='ltr'><strong>ἀλλὰ</strong></span> <span class='ocrx_word' id='word_1_337' title='bbox 585 3668 708 3717; x_wconf 83' lang='lat' dir='ltr'><strong>externa</strong></span> <span class='ocrx_word' id='word_1_338' title='bbox 735 3656 852 3734; x_wconf 84' lang='lat' dir='ltr'><strong>quidem</strong></span> <span class='ocrx_word' id='word_1_339' title='bbox 875 3656 1014 3716; x_wconf 87' lang='lat' dir='ltr'><strong>orationis</strong></span> <span class='ocrx_word' id='word_1_340' title='bbox 1035 3654 1131 3715; x_wconf 84' lang='lat' dir='ltr'><strong>torma</strong></span> 
     </span>
     <span class='ocr_line' id='line_1_39' title="bbox 86 3738 1131 3819; baseline -0.007 -18"><span class='ocrx_word' id='word_1_341' title='bbox 86 3742 195 3802; x_wconf 82' lang='lat' dir='ltr'><strong>recedat</strong></span> <span class='ocrx_word' id='word_1_342' title='bbox 225 3744 303 3817; x_wconf 85' lang='lat' dir='ltr'><strong>ille,</strong></span> <span class='ocrx_word' id='word_1_343' title='bbox 335 3745 387 3819; x_wconf 81' lang='lat' dir='ltr'><strong>qai</strong></span> <span class='ocrx_word' id='word_1_344' title='bbox 418 3743 568 3817; x_wconf 89' lang='lat' dir='ltr'><strong>loquitur,</strong></span> <span class='ocrx_word' id='word_1_345' title='bbox 599 3762 635 3818; x_wconf 24' lang='lat' dir='ltr'><strong>re,</strong></span> <span class='ocrx_word' id='word_1_346' title='bbox 665 3749 763 3801; x_wconf 83' lang='lat' dir='ltr'><strong>tamea</strong></span> <span class='ocrx_word' id='word_1_347' title='bbox 796 3759 886 3814; x_wconf 90' lang='lat' dir='ltr'><strong>vera,</strong></span> <span class='ocrx_word' id='word_1_348' title='bbox 920 3749 952 3795; x_wconf 90' lang='lat' dir='ltr'><strong>ut</strong></span> <span class='ocrx_word' id='word_1_349' title='bbox 984 3738 1052 3810; x_wconf 85' lang='lat' dir='ltr'><strong>ipsa</strong></span> <span class='ocrx_word' id='word_1_350' title='bbox 1083 3757 1131 3801; x_wconf 90' lang='lat' dir='ltr'><strong>oo-</strong></span> 
     </span>
     <span class='ocr_line' id='line_1_40' title="bbox 86 3821 1132 3901; baseline -0.004 -18"><span class='ocrx_word' id='word_1_351' title='bbox 86 3828 257 3897; x_wconf 75' lang='lat' dir='ltr'><strong>gitatiouum</strong></span> <span class='ocrx_word' id='word_1_352' title='bbox 278 3829 372 3889; x_wconf 71' lang='lat' dir='ltr'><strong>series</strong></span> <span class='ocrx_word' id='word_1_353' title='bbox 393 3837 453 3901; x_wconf 80' lang='lat' dir='ltr'><strong>est,</strong></span> <span class='ocrx_word' id='word_1_354' title='bbox 475 3828 587 3900; x_wconf 84' lang='lat' dir='ltr'><strong>exiis,</strong></span> <span class='ocrx_word' id='word_1_355' title='bbox 608 3846 682 3900; x_wconf 84' lang='lat' dir='ltr'><strong>quae</strong></span> <span class='ocrx_word' id='word_1_356' title='bbox 704 3824 866 3884; x_wconf 85' lang='lat' dir='ltr'><strong>antedicta</strong></span> <span class='ocrx_word' id='word_1_357' title='bbox 887 3829 936 3884; x_wconf 85' lang='lat' dir='ltr'><strong>aut</strong></span> <span class='ocrx_word' id='word_1_358' title='bbox 956 3821 1031 3883; x_wconf 80' lang='lat' dir='ltr'><strong>iacta</strong></span> <span class='ocrx_word' id='word_1_359' title='bbox 1051 3827 1132 3897; x_wconf 85' lang='lat' dir='ltr'><strong>suut,</strong></span> 
     </span>
     <span class='ocr_line' id='line_1_41' title="bbox 86 3903 1132 3986; baseline -0.001 -20"><span class='ocrx_word' id='word_1_360' title='bbox 86 3928 118 3967; x_wconf 88' lang='lat' dir='ltr'><strong>se</strong></span> <span class='ocrx_word' id='word_1_361' title='bbox 138 3910 175 3969; x_wconf 88' lang='lat' dir='ltr'><strong>ad</strong></span> <span class='ocrx_word' id='word_1_362' title='bbox 193 3911 272 3971; x_wconf 74' lang='lat' dir='ltr'><strong>lianc</strong></span> <span class='ocrx_word' id='word_1_363' title='bbox 288 3914 548 3986; x_wconf 68' lang='lat' dir='ltr'><strong>interrogationem</strong></span> <span class='ocrx_word' id='word_1_364' title='bbox 565 3910 717 3969; x_wconf 89' lang='lat' dir='ltr'><strong>adductum</strong></span> <span class='ocrx_word' id='word_1_365' title='bbox 732 3931 797 3971; x_wconf 86' lang='lat' dir='ltr'><strong>esse</strong></span> <span class='ocrx_word' id='word_1_366' title='bbox 813 3907 957 3985; x_wconf 83' lang='lat' dir='ltr'><strong>ostendat,</strong></span> <span class='ocrx_word' id='word_1_367' title='bbox 978 3903 1056 3981; x_wconf 89' lang='lat' dir='ltr'><strong>quod</strong></span> <span class='ocrx_word' id='word_1_368' title='bbox 1071 3924 1132 3965; x_wconf 79' lang='lat' dir='ltr'><strong>uon</strong></span> 
     </span>
     <span class='ocr_line' id='line_1_42' title="bbox 86 3990 1132 4070; baseline -0.005 -21"><span class='ocrx_word' id='word_1_369' title='bbox 86 3992 143 4049; x_wconf 90' lang='lat' dir='ltr'><strong>iarn</strong></span> <span class='ocrx_word' id='word_1_370' title='bbox 165 3998 291 4069; x_wconf 82' lang='lat' dir='ltr'><strong>quaerit,</strong></span> <span class='ocrx_word' id='word_1_371' title='bbox 311 3996 390 4053; x_wconf 83' lang='lat' dir='ltr'><strong>sitne</strong></span> <span class='ocrx_word' id='word_1_372' title='bbox 410 3993 522 4070; x_wconf 82' lang='lat' dir='ltr'><strong>aliquid</strong></span> <span class='ocrx_word' id='word_1_373' title='bbox 537 4013 640 4067; x_wconf 89' lang='lat' dir='ltr'><strong>necue,</strong></span> <span class='ocrx_word' id='word_1_374' title='bbox 659 3991 711 4053; x_wconf 88' lang='lat' dir='ltr'><strong>sed</strong></span> <span class='ocrx_word' id='word_1_375' title='bbox 734 4014 779 4050; x_wconf 92' lang='lat' dir='ltr'><strong>au</strong></span> <span class='ocrx_word' id='word_1_376' title='bbox 799 3991 909 4067; x_wconf 90' lang='lat' dir='ltr'><strong>aliquid</strong></span> <span class='ocrx_word' id='word_1_377' title='bbox 930 4010 1062 4050; x_wconf 87' lang='lat' dir='ltr'><strong>revera</strong></span> <span class='ocrx_word' id='word_1_378' title='bbox 1084 3990 1132 4067; x_wconf 89' lang='lat' dir='ltr'><strong>sit,</strong></span> 
     </span>
     <span class='ocr_line' id='line_1_43' title="bbox 86 4072 1132 4150; baseline -0.005 -16"><span class='ocrx_word' id='word_1_379' title='bbox 86 4076 161 4148; x_wconf 84' lang='lat' dir='ltr'><strong>quod</strong></span> <span class='ocrx_word' id='word_1_380' title='bbox 179 4082 244 4138; x_wconf 92' lang='lat' dir='ltr'><strong>eius</strong></span> <span class='ocrx_word' id='word_1_381' title='bbox 267 4080 367 4137; x_wconf 87' lang='lat' dir='ltr'><strong>auimo</strong></span> <span class='ocrx_word' id='word_1_382' title='bbox 388 4081 450 4138; x_wconf 87' lang='lat' dir='ltr'><strong>iam</strong></span> <span class='ocrx_word' id='word_1_383' title='bbox 470 4076 507 4139; x_wconf 87' lang='lat' dir='ltr'><strong>ed</strong></span> <span class='ocrx_word' id='word_1_384' title='bbox 525 4076 729 4150; x_wconf 80' lang='lat' dir='ltr'><strong>suspicandum</strong></span> <span class='ocrx_word' id='word_1_385' title='bbox 743 4076 832 4136; x_wconf 82' lang='lat' dir='ltr'><strong>tuerit</strong></span> <span class='ocrx_word' id='word_1_386' title='bbox 848 4078 1000 4139; x_wconf 84' lang='lat' dir='ltr'><strong>obiectum.</strong></span> <span class='ocrx_word' id='word_1_387' title='bbox 1031 4072 1132 4149; x_wconf 81' lang='lat' dir='ltr'><strong>Quam</strong></span> 
     </span>
     <span class='ocr_line' id='line_1_44' title="bbox 15 4155 1132 4231; baseline -0.001 -15"><span class='ocrx_word' id='word_1_388' title='bbox 15 4205 16 4208; x_wconf 23' lang='grc' dir='ltr'>ι</span> <span class='ocrx_word' id='word_1_389' title='bbox 87 4160 121 4217; x_wconf 92' lang='lat' dir='ltr'><strong>ob</strong></span> <span class='ocrx_word' id='word_1_390' title='bbox 152 4182 216 4221; x_wconf 90' lang='lat' dir='ltr'><strong>rem</strong></span> <span class='ocrx_word' id='word_1_391' title='bbox 243 4172 324 4221; x_wconf 89' lang='lat' dir='ltr'><strong>recte</strong></span> <span class='ocrx_word' id='word_1_392' title='bbox 352 4161 468 4221; x_wconf 91' lang='lat' dir='ltr'><strong>videtur</strong></span> <span class='ocrx_word' id='word_1_393' title='bbox 496 4158 531 4219; x_wconf 88' lang='lat' dir='ltr'><strong>P.</strong></span> <span class='ocrx_word' id='word_1_394' title='bbox 561 4158 723 4219; x_wconf 87' lang='lat' dir='ltr'><strong>Elmaleius</strong></span> <span class='ocrx_word' id='word_1_395' title='bbox 754 4159 790 4217; x_wconf 87' lang='lat' dir='ltr'><strong>ad</strong></span> <span class='ocrx_word' id='word_1_396' title='bbox 814 4156 968 4231; x_wconf 83' lang='lat' dir='ltr'><strong>Euripidis</strong></span> <span class='ocrx_word' id='word_1_397' title='bbox 997 4155 1132 4215; x_wconf 81' lang='lat' dir='ltr'><strong>Heracli-</strong></span> 
     </span>
     <span class='ocr_line' id='line_1_45' title="bbox 86 4238 1131 4320; baseline -0.002 -21"><span class='ocrx_word' id='word_1_398' title='bbox 86 4242 184 4303; x_wconf 74' lang='lat' dir='ltr'><strong>dotum</strong></span> <span class='ocrx_word' id='word_1_399' title='bbox 203 4266 234 4305; x_wconf 86' lang='lat' dir='ltr'><strong>v.</strong></span> <span class='ocrx_word' id='word_1_400' title='bbox 257 4252 333 4305; x_wconf 78' lang='lat'><strong>426.</strong></span> <span class='ocrx_word' id='word_1_401' title='bbox 355 4267 386 4319; x_wconf 90' lang='lat' dir='ltr'><strong>p.</strong></span> <span class='ocrx_word' id='word_1_402' title='bbox 410 4250 461 4308; x_wconf 80' lang='lat'><strong>92.</strong></span> <span class='ocrx_word' id='word_1_403' title='bbox 484 4244 531 4305; x_wconf 83' lang='lat' dir='ltr'><strong>ed.</strong></span> <span class='ocrx_word' id='word_1_404' title='bbox 552 4242 637 4320; x_wconf 88' lang='lat' dir='ltr'><strong>Lips.</strong></span> <span class='ocrx_word' id='word_1_405' title='bbox 680 4241 853 4319; x_wconf 77' lang='lat' dir='ltr'><strong>Maagravio</strong></span> <span class='ocrx_word' id='word_1_406' title='bbox 875 4242 971 4315; x_wconf 87' lang='lat' dir='ltr'><strong>potius</strong></span> <span class='ocrx_word' id='word_1_407' title='bbox 992 4238 1131 4298; x_wconf 69' lang='lat' dir='ltr'><strong>adsensun</strong></span> 
     </span>
    </p>
   </div>
   <div class='ocr_carea' id='block_1_3' title="bbox 87 4325 1131 4466">
    <p class='ocr_par' dir='ltr' id='par_1_4' title="bbox 87 4325 1131 4466">
     <span class='ocr_line' id='line_1_46' title="bbox 87 4325 1131 4466; baseline -0.003 -80"><span class='ocrx_word' id='word_1_408' title='bbox 87 4345 159 4407; x_wconf 83' lang='lat' dir='ltr'><strong>esse,</strong></span> <span class='ocrx_word' id='word_1_409' title='bbox 179 4334 234 4405; x_wconf 89' lang='lat' dir='ltr'><strong>qui</strong></span> <span class='ocrx_word' id='word_1_410' title='bbox 251 4332 341 4391; x_wconf 89' lang='lat' dir='ltr'><strong>vertit</strong></span> <span class='ocrx_word' id='word_1_411' title='bbox 353 4330 407 4388; x_wconf 86' lang='lat' dir='ltr'><strong>bas</strong></span> <span class='ocrx_word' id='word_1_412' title='bbox 422 4328 578 4404; x_wconf 79' lang='lat' dir='ltr'><strong>particulas</strong></span> <span class='ocrx_word' id='word_1_413' title='bbox 592 4347 718 4403; x_wconf 62' lang='lat' dir='ltr'><strong>coertio,</strong></span> <span class='ocrx_word' id='word_1_414' title='bbox 732 4347 818 4403; x_wconf 88' lang='lat' dir='ltr'><strong>quam</strong></span> <span class='ocrx_word' id='word_1_415' title='bbox 830 4325 896 4466; x_wconf 61' lang='lat' dir='ltr'><strong>alii⁴s</strong></span> <span class='ocrx_word' id='word_1_416' title='bbox 905 4326 1131 4443; x_wconf 56' lang='lat' dir='ltr'><strong>interpretibus,</strong></span> 
     </span>
    </p>
   </div>
   <div class='ocr_carea' id='block_1_4' title="bbox 0 0 1430 4842">
    <p class='ocr_par' dir='ltr' id='par_1_5' title="bbox 0 0 1430 4842">
     <span class='ocr_line' id='line_1_47' title="bbox 0 0 1430 4842; baseline 0 0"><span class='ocrx_word' id='word_1_417' title='bbox 0 0 1430 4842; x_wconf 95' lang='lat' dir='ltr'><strong> </strong></span> 
     </span>
    </p>
   </div>
  </div>
 </body>
</html>
