2850 4842
269 448 336 517 208
745 436 840 534 γάρ.

139 634 197 713 nt,
214 653 253 693 ra.
352 615 402 679 De
430 616 585 693 particulis
619 606 682 699 γάρ
707 634 745 677 aa
775 612 853 673 nihil
881 611 978 672 dicam
1000 611 1056 673 lroc
1084 613 1159 675 loco.
1209 611 1318 691 Neque

271 705 349 764 enim
373 702 481 762 Atticis
506 704 539 760 in
562 721 615 759 usu
638 700 757 758 fuerunt
778 703 948 765 coniunctae
970 695 1027 757 hae
1048 698 1215 775 particulae,
1237 720 1272 759 ac
1290 702 1319 761 ei

219 780 223 787 ’
271 786 344 865 quid
364 784 518 845 dicendum
538 786 604 857 erit,
629 782 740 842 dicatur
758 784 793 841 iu
814 782 956 855 panicula
978 776 1025 845 τέ.
1113 840 1118 852 ,

129 882 186 961 ηερ
205 906 256 941 m,
354 869 512 945 Reliquum
546 877 590 925 eat
621 876 654 923 ut
682 865 776 923 dicam
802 866 838 923 de
869 864 1019 939 particulis
1046 856 1110 947 γάρ
1134 884 1202 937 τοι,
1236 885 1318 938 quae

270 952 428 1031 particulae
455 953 505 1009 ubi
531 952 700 1009 coniunctae
729 950 885 1024 leguntur,
919 948 1000 1007 reddi
1029 944 1139 1007 Latine
1165 948 1318 1006 commode

237 1084 240 1093 .
269 1044 410 1113 possunt:
437 1055 505 1094 nom
522 1039 645 1103 cornino,
669 1052 727 1107 quo
740 1032 827 1090 modo
841 1052 890 1089 aaa
905 1034 1111 1105 interpretatae
1126 1038 1171 1091 eat
1182 1029 1221 1090 G.
1235 1028 1319 1089 Her·

270 1130 394 1179 manuue
415 1117 451 1176 ad
471 1113 618 1191 Vigerum
639 1138 669 1189 p.
691 1120 764 1175 829.
786 1115 831 1174 ed.
853 1124 918 1173 tert.
961 1114 1157 1194 Quamquam,
1176 1114 1317 1172 ut‘modo

269 1205 306 1263 de
327 1201 469 1277 particula
489 1198 552 1281 γὰρ
576 1200 717 1274 vidimus,
743 1199 817 1257 haec
839 1197 958 1273 quidem
979 1198 1120 1274 particula
1139 1200 1179 1256 ita
1201 1207 1318 1255 tantum

269 1287 357 1345 modo
378 1283 513 1355 Latinae
533 1284 691 1357 particulae
718 1302 786 1340 num
812 1280 985 1356 respondet,
1012 1281 1089 1357 quod
1113 1282 1243 1355 aliquam
1263 1280 1317 1341 ad-

269 1370 464 1428 firmationem
485 1370 640 1441 contiueat,
664 1386 739 1440 qnae
762 1363 891 1439 denique
911 1365 1013 1424 eodem
1035 1385 1089 1423 nos
1111 1364 1232 1422 adducat
1255 1385 1317 1438 quo

269 1474 336 1513 nont
353 1450 505 1527 particula,
524 1445 576 1511 τοὶ
593 1457 686 1508 autem
701 1450 842 1522 particula
856 1453 918 1523 ipsa
933 1469 1049 1523 qnoque
1063 1470 1080 1507 a
1094 1450 1238 1522 principio
1252 1470 1318 1505 nou

268 1535 369 1596 habuit
381 1537 436 1594 nisi
448 1534 596 1591 relativum
609 1532 752 1608 quandam
763 1533 1017 1608 significationem,
1029 1552 1086 1606 qua
1097 1532 1318 1605 significaretur

270 1618 386 1694 aliquid
413 1617 511 1692 aliquo
538 1616 623 1674 modo
652 1636 718 1674 ease
748 1626 797 1674 aut
826 1616 909 1692 lieri,
939 1625 971 1673 nt
997 1636 1049 1673 nos
1074 1615 1192 1690 quidem
1220 1615 1256 1674 de
1280 1636 1317 1675 eo

269 1702 356 1761 modo
378 1701 478 1759 videre
501 1700 644 1775 nolimna,
672 1700 723 1757 sed
743 1721 803 1758 rem
828 1711 925 1758 tamon
945 1700 1008 1758 iere
1028 1701 1069 1757 ito
1089 1718 1153 1758 asae
1174 1698 1316 1759 dicamur.

195 1852 203 1874 Ι
271 1784 340 1865 Qua
360 1786 472 1843 rationo
491 1782 604 1841 videtur
626 1802 689 1841 eane
710 1782 836 1859 sacrani,
857 1785 889 1841 ut
910 1779 964 1845 τοί
986 1783 1113 1857 aliquam
1136 1782 1317 1841 adfirmatio·

269 1890 338 1945 neni
359 1868 467 1926 lralaere
489 1866 653 1941 videretur,
679 1888 766 1941 rpuenr
789 1869 826 1925 ad
848 1866 965 1925 modum
987 1865 1162 1924 Latinorum
1185 1867 1246 1939 faro
1265 1875 1318 1925 aut

271 1958 397 2022 omnino,
421 1949 499 2025 quod
521 1971 575 2008 noe
599 1950 743 2009 dicamus:
768 1952 1035 2026 ΙιιιἈΗμοιιιοίιιοιι,
1057 1959 1123 2006 aut:
1146 1950 1315 2026 liderlauupt,

270 2036 333 2094 rel:
357 2035 517 2110 ollerdtnpa.
562 2032 657 2113 Quam
679 2054 740 2091 rem
760 2056 846 2108 quom
868 2036 928 2091 iam
949 2054 1035 2107 snpra
1056 2054 1086 2107 p.
1100 2034 1150 2090 55.
1171 2042 1199 2091 et
1218 2054 1247 2107 p.
1261 2038 1315 2092 60.

270 2120 467 2193 tetigerimus,
496 2138 574 2175 ιιιιιιο
600 2116 717 2192 quidem
743 2117 951 2175 enucleandam
979 2137 1037 2174 nou
1066 2126 1219 2190 putamus,
1249 2138 1316 2174 cunr

269 2205 441 2278 praesertim
462 2199 539 2259 inira
561 2200 596 2259 de
619 2201 759 2275 particula
781 2196 832 2262 τοὶ
854 2202 1010 2275 separatim
1029 2198 1228 2259 disserendum
1247 2219 1316 2259 aare

269 2286 404 2347 videatur
426 2284 463 2342 ad
482 2306 512 2359 p.
535 2290 597 2342 207
611 2288 656 2359 sq'.
701 2282 871 2342 Coniunctis
891 2286 982 2358 igitur
1001 2286 1065 2343 istis
1086 2284 1236 2357 particulis
1257 2282 1316 2342 lanc

270 2370 461 2444 aigniiioatur.
506 2365 636 2425 Primum
662 2368 827 2426 reseruntur
853 2387 887 2443 ea
912 2368 1017 2441 verba,
1044 2388 1119 2440 quae
1137 2366 1316 2426 inducuntur

268 2473 324 2527 per
348 2452 517 2526 particulam
538 2444 612 2532 γάρ,
634 2449 670 2508 ad
693 2472 728 2509 ea
746 2471 820 2525 quae
842 2459 1055 2509 antecesserunt
1075 2452 1164 2509 verba
1184 2470 1237 2525 per
1257 2451 1315 2509 ali·

269 2555 356 2609 qnam
382 2534 630 2606 adfirmatioueru,
656 2542 686 2590 ut
710 2544 864 2608 appareat,
894 2555 945 2591 cur
963 2533 1054 2610 illud,
1085 2534 1161 2607 quod
1184 2535 1316 2607 positum

207 2620 210 2627 ’
270 2626 330 2690 eat,
361 2636 463 2674 verum
492 2635 558 2674 cesa
583 2614 730 2674 videatura
762 2617 793 2675 id
818 2619 908 2691 igitur
929 2615 1054 2675 efficitur
1074 2617 1210 2692 particula
1232 2613 1312 2698 γάρ.

268 2698 386 2759 Deinde
415 2698 462 2773 id,
491 2698 569 2771 quod
597 2696 654 2757 hoc
674 2700 760 2758 modo
780 2704 996 2774 pronuntiatum
1015 2707 1075 2777 est,
1108 2702 1164 2758 alio
1185 2699 1316 2774 quodam

268 2781 354 2841 modo
384 2781 553 2841 adfirmatur
581 2801 635 2856 per
661 2785 832 2857 particulam
856 2777 927 2859 coi,
953 2806 1015 2842 nou
1040 2790 1072 2841 ut
1093 2804 1133 2843 cx
1155 2786 1208 2859 iis,
1236 2805 1317 2859 quae

268 2866 344 2924 dicta
365 2874 448 2940 aunt,
468 2866 653 2925 adseveretur
672 2867 713 2941 id,
738 2868 816 2942 quod
836 2870 894 2925 iarn
914 2868 1028 2944 dicitnr,
1049 2868 1102 2928 aed
1123 2877 1154 2925 ut
1176 2888 1224 2927 res
1244 2871 1316 2928 uui·

267 2968 369 3025 verua,
397 2950 484 3007 etiam
505 2970 566 3008 nou
585 2948 684 3009 lrabita
708 2962 867 3009 ceterarum
888 2968 1003 3028 rernm,
1029 2972 1104 3025 quae
1126 2972 1185 3010 unu
1209 2950 1315 3011 dicun·

268 3044 330 3108 tur,
358 3036 469 3092 ratione
493 3054 563 3092 vera
588 3053 653 3093 ease
674 3034 844 3094 declaretur.
891 3031 954 3097 Tol
974 3039 1053 3094 enim
1074 3056 1126 3109 eo,
1151 3035 1228 3111 quod
1248 3058 1315 3094 rena

267 3118 396 3193 aliquo
418 3116 522 3175 modo
545 3137 610 3177 ease
632 3118 710 3194 dicit,
734 3139 789 3176 nec
809 3119 987 3194 singularem
1007 3120 1136 3193 aliquam
1157 3123 1314 3196 rationem,

267 3222 325 3277 que
353 3200 462 3276 aliquid
488 3203 701 3276 ait‚'respicit,
731 3206 896 3261 universam
923 3203 1052 3276 aliquam
1079 3204 1313 3262 adlirnratiouem

267 3284 372 3359 adfert,
395 3288 480 3359 quani
501 3292 599 3344 nostra
619 3286 721 3360 lingua
741 3286 834 3345 dicae:
857 3286 1019 3364 allerdiupa,
1039 3287 1089 3346 val
1112 3288 1224 3361 aliquid
1246 3289 1315 3348 eiua

267 3368 355 3425 modi.
1048 3406 1050 3410 ι

351 3447 403 3508 Sic'
421 3453 511 3527 igitur
530 3454 563 3511 iu
583 3450 714 3511 Platonis
736 3458 895 3529 Protupora
915 3450 994 3513 Part.
1012 3450 1037 3512 I.
1059 3453 1119 3511 vol.
1141 3451 1166 3510 l.
1189 3474 1218 3526 p.
1243 3456 1316 3513 151.

267 3534 312 3593 ed.
335 3530 434 3593 Beklr.
465 3558 495 3610 p.
520 3543 590 3595 310.
613 3535 645 3595 G.
669 3536 714 3595 cd.
736 3535 777 3595 Η.
802 3535 905 3611 Steplr.
935 3531 999 3618 γάρ
1024 3558 1079 3600 τοι
1105 3537 1317 3611 explicandum

267 3628 319 3692 eat,
342 3619 392 3677 ulai
414 3618 547 3679 Socrates
567 3622 656 3679 relert
675 3630 838 3681 sermonem
859 3642 876 3678 a
901 3642 933 3680 ae
956 3619 1087 3679 habiturn
1109 3641 1172 3679 curn
1195 3620 1316 3696 Hippo-

266 3711 356 3760 crates
387 3698 628 3802 Homaayo'poq.
654 3698 732 3787 ἔφη,
755 3700 830 3788 ἥκει
851 3698 932 3779 στὰς
953 3697 1036 3787 παρ’
1053 3698 1137 3782 ἐμοὶ.
1178 3698 1316 3789 Πρώῃκ,

266 3778 351 3868 ἔφην
373 3760 453 3863 ἕγῶ·
480 3783 519 3849 σι)
544 3784 580 3848 sla*
602 3779 678 3870 ἄρτι
700 3783 870 3861 πέπυσαι,·
912 3783 966 3871 Νὴ
990 3782 1066 3861 τοὺς
1086 3780 1206 3861 θεούς,
1236 3763 1317 3871 ἔφη,

265 3860 426 3948 ἑσπέραςν
446 3886 493 3947 γε.
543 3864 611 3931 Καὶ
647 3864 716 3947 ἅμα
746 3865 1013 3954 ἐπιψηλαφιξσας
1039 3870 1099 3932 τοῦ
1124 3864 1319 3947 σκίμποδος

264 3944 445 4026 ἐκαθέζετο
472 3947 566 4033 παρὰ
592 3948 670 4026 τοὺς
691 3946 802 4027 πόδας
820 3975 901 4032 μου,
932 3950 987 4015 καὶ
1009 3942 1120 4016 εἶπεν·
1146 3949 1317 4038 ‘Euadnes

265 4031 363 4131 dpqo,
394 4027 547 4131 nattayc
575 4026 641 4116 ὂψὲ
668 4025 873 4117 ἀφικόμενος
902 4033 939 4113 ἐξ
967 4030 1098 4124 Οἰνόης.
1128 4027 1235 4117 ὁγιίρ
1256 4055 1311 4131 τοι

264 4136 347 4187 παις
368 4134 410 4191 με
433 4110 451 4179 ὁ
473 4116 622 4199 ,Σάτυρος
644 4109 793 4201 ἀπέδρα·
816 4116 873 4182 καὶ
890 4118 974 4203 δῆτα
995 4116 1124 4197 μέλλων
1146 4138 1201 4182 σοι
1247 4138 1312 4201 (rcr-

267 4193 333 4293 tao
354 4194 409 4258 ὅτι
430 4196 609 4283 διωξοίμον
631 4193 741 4273 αὐτόν,
762 4193 830 4264 ὑπό
852 4224 941 4278 τινος
961 4192 1065 4265 tillon
1084 4196 1188 4265 ἔπελα
1234 4219 1317 4301 μον.

266 4276 382 4352 Quibus
403 4282 436 4339 iu
456 4285 551 4349 verbis
571 4286 612 4347 ita
633 4284 737 4345 dicitur
756 4278 820 4370 γάρ
841 4306 905 4364 τοι,
928 4296 959 4345 ut
978 4306 1031 4363 per
1046 4286 1221 4362 peraculum
1238 4304 1318 4369 γαρ,
