2850 4842
265 457 310 523 38
730 446 858 519 ἄλλό.

219 679 221 689 .
266 626 369 690 sedem
397 643 458 686 vox
484 626 683 699 repeteretur,
715 620 769 685 sad
792 642 871 682 nnnc
891 627 1004 682 tantum
1021 624 1104 687 notio
1131 623 1193 689 τοῦ
1215 612 1323 690 Mun

267 714 407 772 universa
435 709 594 785 premitur,
622 708 795 768 constructio
821 715 920 767 autem
943 716 1067 769 externa
1090 711 1200 770 amissa
1222 718 1267 771 est
1288 718 1320 770 st

267 816 345 856 nova
364 796 445 853 illata
465 813 520 869 per
541 794 733 852 accusativum
754 792 855 868 iilum,
882 780 981 862 ίίίτλό,
1007 793 1102 863 uliud,
1125 794 1245 865 orders,
1268 794 1323 869 qni

269 879 464 940 adverbialem
485 878 635 936 notionem
655 879 814 952 exprimite
837 896 936 951 neque
955 873 1031 934 iilud
1052 866 1135 939 ι’ίλλο
1158 876 1324 952 quidquam

192 1022 197 1032 ,
268 964 326 1024 Ιιιιε
354 963 442 1037 facit,
471 963 531 1020 nini
561 971 593 1019 ut
619 963 773 1021 transitum
799 959 835 1018 ad
863 963 1110 1035 comparationem
1131 970 1224 1036 paret.
1265 958 1323 1021 Sic

215 1024 229 1045 ⁰
270 1044 462 1123 exponendus
484 1046 572 1104 etiam
593 1042 757 1105 Herodiani
773 1044 854 1105 locus
874 1051 918 1103 est
937 1044 991 1104 lib.
1005 1041 1064 1104 IV.
1076 1064 1140 1119 cap.
1161 1048 1210 1104 15.
1222 1049 1251 1117 ς.
1268 1046 1322 1104 15.

270 1127 384 1205 Σονείς
413 1122 468 1191 ὅτι
494 1119 555 1192 οὐκ
585 1118 694 1233 dito}
717 1120 922 1227 Ἀρτάβανος
949 1120 1105 1207 ἕκθόμως
1124 1148 1161 1191 τε
1178 1122 1326 1227 μάχεται

271 1208 329 1277 καί
358 1206 542 1296 προσμένει
574 1203 643 1274 ἀλλ’
679 1204 701 1295 ἠ
735 1204 889 1289 οιόμενος
914 1202 1108 1273 Ἀντωνῖνον
1138 1214 1323 1290 μαχεσθαι.

270 1296 350 1360 Nam
370 1299 413 1357 ibi
435 1314 551 1371 quoque
572 1284 676 1367 ι’ίίλοξ
692 1295 770 1372 quod
789 1296 861 1354 latet
883 1297 915 1354 in
935 1292 1087 1369 particulis
1107 1285 1177 1359 ἄλλ>
1201 1285 1239 1379 ἦ,
1262 1298 1324 1355 nisi

271 1400 327 1457 per
348 1401 380 1441 se
401 1383 594 1455 acciperetur,
618 1400 679 1439 nou
700 1382 773 1440 setis
793 1379 985 1455 responderet
1006 1382 1049 1453 ei,
1072 1378 1152 1455 quod
1173 1378 1326 1455 praeeedit

273 1457 400 1544 όλλως,
426 1467 470 1525 sic
491 1472 601 1524 tautum
620 1464 740 1524 interna
762 1466 808 1525 uis
830 1466 894 1523 eius
917 1467 998 1525 vocis
1019 1466 1177 1541 retinetur,
1198 1473 1326 1524 externa

271 1552 429 1611 verborum
447 1550 613 1609 coniunctio
633 1547 809 1625 neglegitur.

362 1632 462 1712 Quam
493 1635 533 1692 ob
562 1652 626 1691 rem
653 1635 743 1693 etiarn
764 1652 803 1691 ne
825 1634 849 1690 ii
874 1631 993 1707 quidem
1017 1629 1090 1703 loci,
1120 1649 1194 1707 quos
1218 1630 1326 1690 adtulit

274 1714 466 1792 Kruegeros,
493 1718 545 1775 ubi
573 1725 623 1776 aut
650 1717 730 1776 aliud
752 1736 845 1791 genus
866 1728 915 1773 aut
936 1736 1033 1775 casttm
1056 1716 1146 1773 aiium
1169 1722 1328 1789 exspecta·

275 1796 371 1876 veris,
395 1800 555 1875 impedient
579 1811 707 1860 nostram
730 1800 960 1876 explicationem
982 1796 1085 1858 barum
1107 1800 1325 1874 particuiarnm.

221 1934 226 1957 ,
275 1883 353 1946 Nam
381 1883 461 1959 quod
489 1883 567 1960 apud
591 1883 824 1961 Demosthenem
853 1892 953 1944 cootm
980 1887 1185 1941 Pontooactuot
1214 1888 1242 1956 ς.
1271 1887 1326 1944 53.

275 1968 323 2029 ed.
346 1965 445 2027 Beki.
466 1990 498 2043 p.
518 1973 591 2027 982.
612 1970 679 2030 init.
701 1969 747 2029 ed.
767 1967 872 2030 Reisk.
893 1970 1018 2044 legitur:
1044 1958 1126 2047 Ἐγὼ
1147 1958 1177 2029 d'
1196 1957 1328 2031 όόικεῖν

275 2046 337 2135 μὲν
363 2042 483 2115 οὐδένα
508 2052 574 2115 τῶν
601 2044 815 2130 δανειζόντων
843 2044 976 2133 οἴομαι,
1005 2052 1184 2131 μισεῖσθαι
1209 2045 1328 2131 μέντοι

275 2129 368 2211 τινὰς
394 2126 435 2198 ἂν
463 2128 603 2211 εἰκότως
630 2126 686 2220 ὑφ’
710 2129 817 2216 ὑμῶν,
846 2128 884 2198 οἳ
907 2132 1019 2216 τέχνην
1040 2127 1079 2197 τό
1101 2134 1242 2219 πρᾶγμα
1261 2154 1346 2198 πε-.

227 2290 237 2299 „
276 2214 457 2302 ποιημίνοι
486 2212 571 2303 μήτε
603 2212 794 2304 συγγνώμης
823 2209 896 2302 μήτ’
933 2214 1035 2281 ίίλλου
1065 2211 1207 2301 μηδενός
1239 2208 1328 2281 εἰσιν

277 2292 348 2364 ἀλλ’
374 2293 396 2385 ἢ
422 2301 483 2365 τοῦ
504 2297 670 2379 πλείονος.
676 2348 686 2377 ,
717 2305 778 2379 ibi,
805 2306 860 2363 etsi
885 2302 960 2361 illud
982 2293 1083 2375 dito,
1114 2301 1189 2361 unde
1211 2302 1328 2360 ductum

277 2394 322 2446 est
344 2385 418 2445 illud
438 2377 510 2449 ἀλλ’
535 2376 565 2471 ἤ,
586 2385 773 2447 referendum
794 2386 831 2445 ad
852 2386 1049 2446 antecedentia
1071 2395 1126 2460 est,
1146 2404 1203 2443 nou
1224 2395 1328 2444 tamen

278 2469 465 2531 scribendum
487 2472 576 2530 etiam
600 2460 714 2533 io‘ttoo.
759 2470 794 2530 ld
823 2474 900 2529 enim
931 2479 991 2529 turn
1016 2468 1132 2528 demum
1158 2470 1249 2529 locum
1273 2467 1329 2528 iiie

277 2550 388 2613 habere
417 2564 534 2628 posset,
567 2557 593 2612 si
626 2574 740 2614 summa
767 2556 797 2614 vi
825 2558 906 2615 notio
934 2558 997 2614 eins
1021 2555 1102 2613 vocis
1126 2562 1327 2628 premereturs

235 2658 257 2692 ·,
279 2626 318 2697 οἳ
337 2670 374 2683 -
397 2628 482 2718 μήτε
503 2630 694 2722 συγγνώμης
713 2630 787 2722 μήτ’
806 2628 909 2701 didon
930 2630 1073 2721 μηδενός
1094 2628 1188 2711 εἰσιν,
1211 2626 1327 2709 didos,

200 2768 208 2779 .
278 2709 302 2801 ἢ
330 2718 390 2783 τοῦ
416 2713 591 2795 πλείονος,
622 2744 682 2797 quo
709 2721 797 2782 modo
828 2724 963 2797 repetitio
993 2723 1073 2782 vocis
1097 2720 1226 2785 eiusdem
1254 2720 1328 2781 aliis

278 2802 351 2861 locis
379 2802 466 2863 facita
495 2815 691 2865 excusaretur.
735 2804 796 2866 Sed
821 2806 877 2866 Ιιοα
904 2806 967 2864 Ιοιο
998 2814 1110 2864 tautum
1135 2804 1329 2865 internodiis

279 2888 324 2946 ris
353 2888 435 2946 uerbi
462 2874 545 2950 dito
569 2892 731 2963 retinetur,
758 2910 818 2949 nou
848 2899 971 2950 externa
997 2889 1092 2948 forma
1113 2891 1254 2949 orationis
1278 2908 1329 2949 re·

279 2971 400 3045 spicitur
418 2968 579 3047 diciturque
603 2965 672 3035 ἀλλ’
696 2966 733 3058 ἥ,
764 2974 843 3050 quod
864 2974 954 3048 piane
975 2985 1060 3033 extra
1079 2973 1163 3031 iiiam
1186 2974 1331 3033 orationis

279 3058 523 3116 constructionem
543 3060 669 3132 positum
688 3067 736 3117 est
756 3072 785 3118 et
805 3059 888 3117 iilam
910 3078 983 3131 rem,
1002 3077 1078 3131 quae
1090 3060 1149 3115 iom
1164 3057 1332 3141 significatu

280 3148 359 3215 erat,
383 3139 442 3198 alio
463 3140 550 3199 modo
572 3162 695 3218 eamque
714 3146 814 3217 potius
835 3145 1005 3201 universam
1026 3142 1125 3201 ecfert.
1169 3140 1229 3201 Res
1251 3141 1330 3201 fact·

279 3222 339 3283 lius
365 3234 553 3299 cognoscetur
579 3230 618 3286 iis
638 3228 726 3303 iocis,
756 3229 807 3302 qui
829 3228 1034 3286 similitudines
1056 3224 1199 3302 quasdam
1217 3223 1331 3285 haim

280 3310 368 3366 etiarn
392 3308 515 3369 aliarum
535 3311 709 3387 linguarum,
730 3312 822 3371 ueluti
844 3311 898 3369 itto
913 3309 1120 3372 Demosthenis
1141 3310 1332 3384 1000,qu

280 3411 319 3451 ex
340 3395 473 3452 oratione
494 3394 631 3453 adversas
652 3395 850 3455 Phormionem
872 3399 890 3468 §
916 3401 947 3455 7.
971 3395 1018 3454 ed.
1040 3393 1139 3454 Beik.
1156 3416 1188 3469 p.
1202 3398 1264 3452 908
1280 3414 1332 3469 sq.

239 3514 242 3518 -
280 3473 327 3535 ad.
348 3473 454 3537 Reiak.
480 3476 583 3538 adtntit
606 3477 685 3539 idem
709 3476 899 3555 Kouegeruss
931 3476 1018 3542 Δέον
1046 3470 1076 3541 d²
1102 3470 1203 3540 adedo
1225 3498 1334 3541 κατα-

278 3550 424 3704 γοράσαι
452 3556 578 3645 φορτία
600 3553 793 3649 Ἀθήνηθεν
814 3563 904 3641 μνῶν
925 3554 1043 3625 ἑκατὸν
1064 3557 1261 3631 δεκαπέντε,
1296 3554 1336 3625 εἰ

289 3632 403 3725 γ’μελλε
428 3641 501 3719 τοῖς
528 3642 718 3722 δανεισταῖς
742 3647 829 3711 πᾶσι
855 3637 1010 3729 ποιόσειν
1037 3640 1078 3706 τὰ
1102 3640 1135 3707 ἐν
1154 3645 1230 3721 ταῖς
1250 3664 1336 3725 σογ-

278 3726 428 3829 γραφαῐς
446 3724 666 3813 γεγραμμένα,
689 3721 729 3793 οὐ
751 3722 976 3815 κατηγόρασεν
997 3720 1066 3792 ἀλλ’
1082 3719 1104 3815 ἢ
1119 3748 1336 3807 πεντακισχι-

280 3806 361 3873 λιων
382 3806 439 3874 καί
460 3808 688 3875 πεντακοσίων
709 3811 870 3898 δραχμῶν,
893 3809 951 3877 σὺν
967 3815 1014 3897 τῷ
1031 3808 1232 3891 ἐπισιτισμῶ
1249 3804 1334 3885 κείν,

170 3958 177 3967 ,
280 3896 398 3989 qrro'dn
422 3893 487 3952 loco
514 3898 568 3953 etsi
592 3887 662 3959 ἀλλ’
686 3886 707 3978 ἢ
732 3900 891 3973 antiquitus
916 3896 992 3955 nihil
1018 3896 1075 3955 tuit
1091 3898 1162 3955 misi
1185 3870 1268 3960 dito
1296 3882 1334 3981 ἤ,

279 3986 313 4040 ut
339 3966 423 4041 ιἰλλο
447 3998 512 4038 cum
534 3978 646 4055 reliqua
668 3983 800 4042 oratioue
821 3980 1064 4059 coniungendam
1076 3979 1170 4041 inissa
1194 3979 1336 4041 uideatur·

279 4064 320 4120 its
340 4062 471 4137 proprie,
488 4072 520 4121 ut
539 4067 627 4126 etiam
646 4084 715 4125 casu
730 4070 919 4142 sequentibus
934 4060 956 4153 ἢ
971 4058 1243 4143 πεντακισχιλίων
1257 4054 1331 4125 xvi.

281 4147 488 4224 responderet,
511 4157 609 4209 tamen
631 4170 691 4208 uon
712 4158 791 4211 recte
815 4151 934 4211 iecisset
955 4148 1185 4219 Demosthenes,
1205 4150 1232 4209 si
1252 4148 1334 4205 scri·

283 4231 403 4300 psissets
438 4223 477 4295 οὐ
505 4225 731 4317 κατηγόρασεν
756 4222 874 4308 ditos,
882 4224 931 4381 e}
949 4228 1234 4311 πεντακισχιλίων.
1276 4226 1336 4291 Sic

283 4310 363 4370 euim
382 4304 450 4378 ἀλλ’
474 4316 565 4393 iliud,
587 4316 666 4396 quod
686 4325 798 4379 tantum
823 4319 861 4380 ad
931 4315 1062 4380 ciendam
1083 4318 1336 4393 comparationem
