2850 4842
318 474 400 528 vrn
702 442 968 519 Praefatio.

318 648 394 725 nat
419 645 438 722 ὁ
464 648 639 735 Καλλίας·
688 646 739 719 Τί
754 646 874 733 τοῦτ’,
899 648 984 747 ἔφη,
1009 636 1038 719 ὦ
1061 644 1242 728 Φιλίππω
1272 646 1347 720 ἀλλ’
1404 659 1405 724 λ

316 760 477 869 poium]
510 791 551 839 σε
582 763 723 866 οἵληφε,·
755 766 877 839 miror
906 766 1035 840 virinn
1059 752 1255 867 egregiunn
1279 790 1348 841 non

314 889 459 964 vidisse
484 910 593 959 suem
619 886 780 983 quidem
803 886 1014 978 rationem,
1042 910 1118 981 qua
1143 884 1259 959 scribi
1282 910 1347 959 vo·

314 1006 384 1079 luit
405 1006 505 1079 hunc
527 1006 654 1077 locum
679 1003 719 1075 in
737 1003 839 1077 hunc
854 1005 1035 1093 modtnn:
1070 1002 1120 1075 Τί
1130 1000 1247 1087 τοῦτ’,
1274 1003 1347 1101 ἔφη,

245 1178 252 1185 -
313 1114 341 1195 ὦ
376 1120 553 1209 Φίλιππε,
596 1119 676 1192 ἀλλ’
716 1113 741 1220 ἢ
774 1118 885 1220 ὀδύνη
919 1146 960 1193 σε
995 1118 1136 1220 εἴληφες
1176 1118 1347 1195 adseren

313 1250 474 1340 propter
499 1240 787 1313 similitudinem
810 1240 977 1313 Platonis
1002 1240 1130 1313 locum
1155 1238 1206 1312 ‹le
1228 1239 1347 1312 Phoe·
1404 1278 1406 1284 ·

255 1402 259 1415 ·
314 1362 447 1457 drop.
476 1359 563 1433 258.
593 1358 640 1431 E.
694 1357 799 1444 Τίνος
819 1354 886 1448 μὲν
907 1346 970 1428 οὖν
995 1357 1096 1429 ἕνεκα
1118 1351 1189 1428 κᾶν
1206 1383 1260 1445 τις
1285 1352 1346 1454 ζῴη
1404 1395 1405 1430 1

313 1476 395 1549 αλλ’
425 1468 449 1575 ἢ
483 1484 553 1547 τῶν
580 1472 751 1547 τοιούτων
779 1470 914 1573 ἡδοοοῦν
946 1476 1068 1556 ticum·
1104 1498 1175 1573 per
1199 1500 1242 1547 se
1266 1475 1347 1571 qui-

251 1622 254 1625 ·
312 1596 422 1687 dem,
458 1594 687 1692 praesertim
719 1592 1041 1683 execratione,
1073 1617 1150 1690 qua
1176 1617 1248 1695 ego
1273 1572 1347 1663 ἀλλ’
1404 1637 1405 1644 1

310 1705 335 1812 ἢ
379 1705 583 1810 particulos
617 1712 862 1813 explicandus
895 1712 1045 1803 censui,
1086 1720 1188 1793 stone
1219 1736 1345 1809 posse,

311 1831 380 1933 sed
413 1830 585 1903 minume
617 1830 692 1905 hoo
717 1832 858 1903 cudere
884 1830 924 1903 in
947 1815 1064 1903 istum
1088 1832 1231 1903 locum.
1281 1829 1346 1902 Et·
1404 1857 1405 1948 p

310 1948 414 2023 enim
431 1948 464 2021 si
477 1948 692 2045 Xenophon
711 1972 850 2023 revere
869 1948 1100 2045 scripsisset=
1129 1945 1207 2019 Καὶ
1222 1944 1241 2021 ὁ
1259 1948 1346 2019 λὀλ-

309 2066 406 2154 λίας·
458 2066 507 2138 Τί
536 2066 651 2152 τοῦτ’,
685 2068 770 2167 ἔφη,
798 2056 826 2137 ὦ
859 2064 1018 2139 Φίλιππε
1026 2120 1037 2151 ,
1069 2065 1151 2137 ἀλλ’
1182 2058 1210 2165 ἢ
1241 2063 1343 2163 ὁδίου]
1404 2089 1405 2094 ’

240 2170 242 2183 ’
308 2209 349 2256 σο
374 2178 513 2284 εἴληςοο,Ι
546 2194 695 2259 remota
723 2185 1021 2286 interrogatione
1054 2183 1194 2258 Calliae
1226 2184 1343 2259 oratio

220 2290 222 2296 ’
309 2304 475 2400 denique
505 2304 600 2375 nihii
636 2304 738 2377 alind
770 2304 844 2377 sibi
860 2304 997 2401 uellet,
1034 2302 1109 2375 nisi
1133 2303 1229 2376 hoc:
1264 2302 1298 2376 N
1303 2303 1342 2373 i·

307 2421 378 2494 hil
405 2422 559 2513 aliud,
587 2444 610 2494 ο
636 2421 878 2521 Philippo,
902 2422 999 2495 nisi
1025 2422 1167 2495 dolor
1191 2430 1237 2493 te
1263 2444 1339 2493 ce-

305 2538 389 2638 pit,
402 2549 466 2611 citt
479 2539 553 2612 aiio
570 2522 885 2635 quodammodo:
905 2540 1193 2614 Profectote
1209 2536 1340 2612 dolor

304 2680 356 2729 ce
361 2657 445 2755 pit,
464 2656 704 2755 Philippe.
731 2658 840 2733 Nimc
858 2668 988 2733 autem
1001 2659 1170 2732 incertus
1188 2664 1246 2730 est
1262 2655 1337 2729 cu-

301 2773 397 2866 lies,
425 2773 516 2869 quid
534 2774 607 2847 sini
620 2775 713 2848 velit
727 2776 945 2875 Philippus,
966 2777 1098 2875 itaque
1115 2776 1336 2850 rectissume

300 2892 374 2965 hoc
402 2892 514 2966 dicit:
552 2891 654 2988 Ouid
680 2893 800 2987 isttw,
832 2920 856 2969 o
883 2890 1088 2993 Phileppe?
1121 2921 1215 2969 num
1230 2894 1338 2991 forte

284 3010 410 3083 «lotor
442 3024 478 3083 te
512 3008 641 3107 cepit?
692 3013 763 3086 Cui
792 3022 899 3087 reete
924 3014 1106 3111 deinceps
1134 3013 1339 3113 respondet

299 3152 453 3202 scruta:
483 3124 560 3199 Nat
584 3121 637 3221 poi
661 3128 730 3215 Δί’,
755 3121 783 3203 oi
807 3132 966 3217 Καλλία,
990 3128 1128 3231 μεγάλη
1153 3158 1204 3220 ye.

400 3248 458 3319 De
487 3236 613 3320 -oitero
645 3249 730 3322 looo
760 3272 811 3321 ex
843 3250 1109 3347 Xenophontis
1138 3246 1338 3335 Convicio,

295 3363 365 3460 qni
395 3364 533 3463 iegitur
564 3390 646 3465 cap.
672 3367 738 3439 IV.
767 3367 797 3465 t.
824 3369 910 3461 37„
942 3392 1059 3465 quem
1083 3392 1154 3468 ego
1177 3364 1337 3441 tractavi

294 3481 372 3555 vol.
395 3482 447 3554 ΙΙ.
477 3486 624 3581 p.1l10.
653 3493 692 3558 et
717 3509 849 3557 rursus
872 3512 913 3583 p.
937 3488 1042 3580 139„
1068 3486 1122 3561 ita
1140 3486 1336 3561 adsentior

297 3598 383 3673 viro
411 3601 667 3696 doctissumo,
705 3603 807 3699 quod
832 3604 1185 3703 interpretationem
1207 3626 1335 3677 meam

291 3718 527 3817 pronominis
543 3712 653 3807 αὐτὸς
668 3721 900 3819 vituperavit
930 3763 973 3775 -
1001 3721 1216 3799 necessario
1233 3720 1335 3796 enim

290 3836 373 3934 ipse
402 3839 476 3911 hoc
513 3862 726 3934 pronomen
756 3839 1086 3938 interpretandum
1121 3841 1215 3931 erit,
1258 3866 1336 3913 non

288 3956 392 4027 solus
426 3996 495 4049 -,
530 3962 567 4027 et
602 3957 706 4052 quod
739 3952 886 4055 εὑρίσκω
917 3958 1001 4054 ipse
1032 3983 1103 4058 pro
1128 3960 1332 4034 indicativo

288 4070 437 4165 hebuit,
461 4098 580 4170 quom
603 4098 673 4175 ego
699 4085 853 4151 auctore
866 4077 1134 4154 Bornemenno
1149 4103 1221 4178 pro
1239 4103 1330 4152 con-
1404 4053 1405 4088 λ

222 4274 225 4281 μ
287 4186 456 4265 iunctivo
482 4191 711 4270 imbuissem.
765 4194 844 4272 Sed
868 4196 943 4271 hoo
964 4198 1059 4274 nihii
1079 4209 1209 4277 tamen
1238 4202 1327 4279 fucit
