2850 4842
389 518 464 605 pt,
494 518 663 602 priuos,¹
687 514 808 606 poia
1060 530 1126 597 273

71 697 106 755 in
134 690 261 768 simplici
290 686 409 765 quidam
436 688 637 751 adfirmatione
662 708 724 751 non
746 688 872 768 amplios
895 696 1030 759 videbam
1051 705 1123 778 poni

71 778 148 837 illud
171 773 224 858 γε’,
247 775 298 835 sed
319 783 430 833 tantum
452 775 538 832 modo
560 778 590 831 in
614 775 817 837 adfirmatione
837 800 887 856 ea,
909 804 968 855 qua
989 784 1121 858 pluribus

72 864 235 938 propositis
250 862 337 944 relgus
351 858 388 917 de
401 877 458 916 una
474 861 665 931 potissumum
680 860 907 939 adseveraretor,
926 870 1122 930 contentionis

73 950 133 1004 rim
156 948 298 1003 maiorem
325 946 355 1001 in
381 942 523 1017 particula
542 943 594 1001 illa
616 964 680 1003 esse
697 946 835 1005 intellexi
858 968 946 1021 quam
966 951 1121 1011 adsevera-

73 1032 174 1101 tionis,
197 1038 228 1087 ut
249 1030 342 1103 prima
364 1027 423 1094 illa,
447 1046 534 1101 quam
552 1028 726 1103 statuissem,
746 1032 829 1105 origo
850 1051 883 1088 ac
902 1041 1031 1106 potestas
1051 1057 1120 1109 par·

75 1114 180 1171 ticulae
209 1108 246 1193 γὲ
274 1110 348 1168 mihi
373 1110 468 1168 locum
496 1108 602 1168 habere
622 1132 710 1183 posse
732 1133 793 1170 non
813 1113 970 1174 videretur.
1012 1118 1119 1195 Neque

73 1201 153 1257 enim
175 1204 255 1254 recte
275 1196 467 1263 existumaret
489 1214 553 1251 mea
578 1195 696 1268 quidem
718 1200 872 1269 sententia,
889 1202 921 1275 si
942 1202 1010 1274 quis
1030 1205 1120 1263 vellat

73 1282 205 1355 exempli
234 1282 344 1355 gratior
376 1276 496 1351 Καλῶς
524 1296 560 1356 ya
588 1274 711 1359 λέγεις,
738 1302 799 1340 non
822 1281 909 1341 aliter
931 1286 1119 1360 interpretari

72 1386 105 1422 ao
127 1364 289 1439 simplicem
311 1364 438 1435 aliquam
462 1360 702 1435 attractionem,
725 1364 820 1438 qualis
841 1375 934 1424 esset:
954 1356 1119 1444 Ἠκαλῶς

72 1446 188 1529 λέγεις.
236 1448 262 1505 Γ
260 1444 276 1509 ὲ
297 1450 375 1504 enim
396 1465 512 1521 semper
533 1445 661 1519 aliquam
673 1446 764 1506 ecfert
778 1469 838 1507 rem
851 1460 881 1507 et
894 1471 953 1509 non
967 1451 1118 1512 adseverat

71 1536 130 1591 nisi
151 1552 205 1606 per
225 1532 450 1600 contentionem,
475 1536 506 1586 ut
529 1526 601 1587 milri
622 1532 691 1604 iam,
714 1552 789 1606 quoe
809 1536 904 1605 posita
924 1537 955 1592 in
978 1537 1118 1609 particula

72 1612 109 1695 pt
136 1624 182 1675 est
211 1616 410 1688 adseveratio,
439 1632 475 1671 ea
504 1633 545 1670 ex
570 1616 757 1674 contentione
778 1620 877 1690 potius
897 1619 1027 1691 prolecta
1050 1640 1116 1682 esse

72 1700 215 1772 videatur,
241 1718 326 1771 qoam
349 1706 458 1770 contra,
477 1699 624 1755 contentio
647 1718 688 1756 ex
708 1698 935 1760 adseveratione.

156 1781 246 1859 Quod
273 1801 359 1854 quom
379 1783 420 1838 ita
441 1800 471 1838 se
491 1778 599 1838 habere
618 1781 850 1859 intellexissem,
878 1787 965 1844 aliam
987 1788 1047 1844 iam
1068 1806 1116 1847 ra·

72 1868 182 1926 tionem
211 1864 403 1939 explicandae
429 1863 510 1921 illius
537 1864 694 1938 particulae
720 1868 1007 1943 circumspiciendam
1025 1878 1115 1943 atque

71 1950 272 2025 inquirendam
300 1949 410 2023 putavi.
453 1945 497 2004 lta
524 1947 630 2006 factam
660 1958 719 2023 est,
746 1959 777 2007 ut
805 1973 894 2025 quom
921 1955 981 2012 vim
1008 1955 1116 2029 ipsam,

72 2056 158 2108 qaam
183 2033 324 2109 particula
345 2028 399 2112 γέ,
426 2032 590 2105 ubicunqne
617 2030 1115 2108 1ιςοιοῐιιι,“ιιιὶ1ιί11ιὺιιοιίάο·
1143 2060 1147 2069 ’

72 2128 172 2192 retur,
211 2116 445 2188 considerarem,
485 2134 519 2172 ea
556 2116 697 2189 particula
732 2120 893 2191 antiquitus
924 2119 1003 2177 nihil
1033 2120 1116 2179 alind

69 2203 161 2262 icisse
179 2201 325 2260 videretur
346 2200 404 2258 aiei
423 2200 544 2273 antiqua
565 2199 705 2270 quaedam
724 2202 892 2275 imperativi
914 2203 1024 2274 iorma,
1049 2206 1118 2271 sive,

69 2278 155 2343 ducta
176 2286 228 2343 illa
248 2305 266 2343 a
287 2285 376 2343 verbo
400 2302 444 2357 eo,
467 2281 624 2357 quodcum
640 2282 671 2340 Γ
667 2279 738 2356 ΕΩ,
759 2286 780 2340 i.
793 2304 818 2341 e.
834 2281 942 2358 ΕΛΩ,
959 2299 1115 2359 cognatam

71 2380 165 2443 esset,
185 2379 231 2427 aut
254 2371 341 2428 etiam
364 2386 416 2441 per
436 2386 579 2441 acocopen
599 2366 735 2443 iactaex
756 2368 844 2426 verto
866 2356 940 2447 ὅγε,
962 2389 1037 2442 quae
1058 2368 1114 2427 laco

71 2456 259 2527 potissumum
281 2460 381 2526 agerat
403 2452 434 2507 in
447 2449 501 2508 ¹luia
523 2451 605 2524 locis,
629 2460 660 2507 ut
677 2451 711 2508 in
731 2450 829 2524 aliqua
852 2471 933 2527 voce,
954 2454 1113 2525 quaesere

71 2540 256 2611 exciperetur
290 2558 307 2594 a
335 2533 478 2609 particula
507 2529 561 2613 pt,
581 2530 751 2596 ,adtentum
781 2534 915 2594 redderet
940 2538 1113 2611 auditorem,

69 2622 196 2694 ideoque
228 2622 288 2679 vim
321 2621 384 2676 cius
416 2620 495 2676 vocis
527 2624 650 2676 acueret.
694 2616 812 2697 ¹Quom
833 2623 937 2677 'autem
971 2639 1005 2677 ca
1039 2641 1112 2696 vox,

70 2726 146 2778 quae
161 2706 283 2763 maiore
309 2704 389 2760 vocis
413 2718 485 2760 sono
514 2701 649 2776 effertur,
678 2704 782 2761 ceteris
806 2706 944 2761 antistare
968 2703 1111 2778 rideatur,

66 2790 104 2847 fit
130 2798 162 2844 ot
189 2808 242 2861 per
267 2786 433 2860 particulam
457 2780 494 2864 γε’
516 2784 552 2842 de
573 2784 626 2843 hac
649 2789 841 2859 potissumum
862 2806 932 2845 voce
954 2786 1001 2861 id,
1031 2788 1118 2861 qnod,

67 2866 193 2944 dicitnr,
220 2868 418 2943 adseveretur,
442 2889 517 2943 quae
538 2872 649 2927 acuitur
670 2869 723 2926 illa
743 2870 894 2944 particula.
936 2868 1024 2930 Unde
1045 2873 1112 2931 lere

66 2954 301 3014 adiirnrationem
337 2954 391 3014 iata
429 2952 571 3027 particula
605 2951 745 3026 declarari
777 2960 936 3028 putarunt,
978 2959 1110 3028 qrramvis

65 3060 124 3114 per
153 3058 187 3097 se
214 3036 439 3097 adsenerationis
469 3039 529 3096 vim
559 3054 591 3095 ea
621 3036 761 3109 particula
792 3036 901 3097 habere
928 3039 1039 3096 nullam
1067 3042 1111 3099 ri-

66 3124 179 3183 deatur.
223 3120 459 3201 Quotiescunque
488 3122 566 3177 enim
594 3119 703 3193 aliquid
730 3140 786 3193 per
808 3122 978 3195 particulam
1000 3118 1036 3201 γὲ
1060 3122 1110 3181 ad·

64 3208 179 3265 firmari
204 3206 333 3278 videtur,
357 3225 462 3263 reuera
486 3203 583 3276 aliqua
608 3205 705 3261 subest
729 3206 891 3277 oppositio,
913 3226 989 3279 quae
1010 3208 1110 3280 paucis

66 3293 185 3365 quidem
208 3289 281 3349 locis
301 3298 402 3363 aperte
427 3287 570 3346 declarata
591 3298 644 3363 est,
665 3288 698 3345 in
718 3291 822 3347 ceteris
843 3287 928 3346 modo
950 3291 1110 3363 obscurius,

65 3375 153 3433 modo
192 3373 366 3449 explicatius
406 3370 594 3445 significatur.
648 3366 694 3429 Ea
732 3381 828 3431 autem
866 3375 1010 3457 oppositio
1048 3393 1111 3431 non

63 3462 106 3517 ita
129 3468 294 3532 comparata
316 3463 376 3530 est,
391 3465 431 3514 *ut
452 3457 675 3513 contrariantes
695 3457 773 3514 inter
792 3476 827 3516 se
847 3466 992 3531 opponat,
1012 3477 1111 3531 nequo

63 3544 145 3601 enim
167 3542 296 3602 excludit
316 3540 456 3615 particula
474 3535 509 3619 γὲ
531 3539 704 3613 quidquam,
731 3539 799 3615 sed,
819 3532 857 3598 nt'
875 3549 952 3599 recte
974 3538 1011 3598 G.
1033 3539 1112 3599 ller-

63 3646 188 3684 mannns
208 3628 311 3685 statuit
332 3624 368 3682 ad
388 3618 537 3698 Vigerdm
558 3644 588 3697 p.
612 3626 686 3680 8²4.
707 3618 753 3681 ed.
776 3618 913 3699 tert.,'ita
933 3631 1044 3682 tantum
1065 3623 1110 3681 di·

63 3712 204 3786 stiag'nit,
236 3716 268 3767 nt
292 3708 341 3781 id,
371 3707 449 3782 quod
470 3705 668 3781 distinguitur,
682 3702 825 3767 'eminere
847 3719 915 3764 aute
936 3705 995 3763 alia
1017 3708 1112 3781 signi·

62 3794 177 3852 licetur.
218 3790 254 3851 ld
275 3800 372 3850 antem
388 3791 499 3865 primae
519 3791 599 3849 vocis
620 3788 827 3864 significationi
848 3806 967 3865 promas
985 3808 1112 3849 consen·

62 3886 180 3935 taneum
202 3884 257 3951 est,
281 3897 371 3950 quom
393 3874 455 3947 iila,
480 3880 512 3931 nt
533 3872 670 3945 vidimus,
691 3893 747 3947 per
767 3894 800 3935 sa
820 3895 880 3932 non
899 3872 1050 3933 adsereret
1072 3873 1110 3933 de

59 3959 164 4035 aliqua
190 3958 280 4034 soce,
308 3959 361 4019 sed
384 3978 450 4017 eam
471 3962 582 4015 tantum
602 3956 688 4015 modo
709 3959 778 4031 ipso
801 3976 873 4017 sono
897 3965 988 4015 acuat.
1030 3956 1109 4017 Nam

59 4046 85 4103 si
114 4046 295 4103 mentionem
319 4044 377 4103 leci
399 4041 436 4100 de
460 4039 570 4099 duobus
590 4036 762 4120 hominibus
780 4048 810 4099 et
831 4042 868 4099 do
892 4043 1031 4098 alterutro
1053 4040 1109 4097 lroe

59 4126 142 4185 dico:
164 4131 271 4185 Jonas·
286 4128 399 4196 lommt,
418 4133 451 4181 ut
470 4126 588 4189 acuatur
601 4143 663 4181 vox
676 4123 769 4197 tona,
788 4127 872 4199 qnasi
888 4118 999 4180 Graece
1013 4121 1108 4182 dieasr

53 4200 201 4285 Ἐκεῖνός
228 4230 265 4289 ye
294 4202 386 4293 ἥκει,
416 4227 476 4266 nou
499 4206 616 4280 quidem
635 4205 862 4283 illuddsclaro,
888 4205 1011 4265 alterum
1035 4224 1109 4263 non

57 4294 214 4369 venire,
240 4292 318 4369 quod
341 4301 402 4351 tum
423 4290 539 4349 demam
563 4308 665 4349 rernm
688 4297 779 4364 esset,
807 4294 834 4351 si
856 4291 995 4349 dioemmr
1022 4292 1109 4347 dones·

57 4376 203 4520 lostost,
226 4375 279 4437 sed
299 4375 355 4436 loo
375 4382 489 4437 tantam
509 4372 595 4433 modo
612 4372 761 4449 significo,
784 4371 821 4433 do
838 4375 931 4517 alltpro
950 4390 999 4433 ms
1018 4388 1108 4447 posse
