2850 4842
313 505 378 573 160
550 579 555 583 ‚
790 492 887 590 ‹ipa-
957 603 963 615 ὁ

523 692 670 768 'Mad’
705 691 760 768 ὧν
792 714 829 763 es
860 695 972 768 dvd’·
998 698 1118 769 ὅτου.

163 861 236 918 ’Μ’
257 849 298 917 ὧν
398 856 447 919 De
464 856 511 919 liis
529 857 666 917 somnulis
685 855 811 933 dicendi,
833 856 869 915 de
890 856 996 931 quibus
1014 860 1093 914 recte
1117 857 1280 931 explicavit
1300 856 1367 917 De·

177 999 185 1018 ,
219 945 246 1017 ‘3‘
275 988 289 1016 r
314 946 430 1019 varius,
459 941 537 1001 nihil
565 942 646 1000 aliud
671 938 767 1001 liabeo
798 940 877 1015 quod
895 939 1054 1017 adiiciam,
1083 942 1143 1000 nisi
1170 940 1241 1017 hoc,
1270 946 1366 1003 etiam

170 1008 229 1056 “7¹⁹
255 1019 296 1054 ⁰⁰·
313 1025 440 1088 Latinos
470 1046 575 1102 saepe,
606 1044 695 1101 φιοιιι
723 1045 779 1099 per
806 1044 837 1083 sa
867 1022 1022 1083 relativum
1052 1042 1216 1097 pronomen
1239 1038 1367 1099 possent

203 1117 234 1164 Ρ.
252 1114 296 1167 38.
313 1114 408 1186 aptius
431 1112 608 1185 coniungere
630 1129 694 1166 cum
719 1110 899 1167 substantivo
922 1126 1104 1185 praegresso,
1128 1111 1171 1167 alr
1188 1108 1244 1168 hoc
1263 1130 1382 1169 reces-·

311 1199 407 1270 sisse,
436 1202 466 1254 et
494 1202 544 1251 aut
572 1192 651 1251 alind
677 1196 889 1252 substantivum
910 1190 1081 1266 adposuisse
1103 1202 1153 1249 aut
1174 1202 1254 1251 certe
1280 1193 1367 1251 aliud

313 1281 496 1355 pronominis
525 1278 642 1338 relativi
667 1295 778 1352 genus,
811 1275 889 1351 quod
919 1278 961 1333 ita
982 1277 1193 1335 consuetudine
1217 1276 1365 1350 loquendi

314 1371 463 1439 receptum
492 1371 551 1436 est,
582 1368 615 1418 ut
640 1362 673 1418 in
703 1360 875 1434 quibusdam
903 1359 1039 1418 formulis
1067 1363 1119 1419 uix
1147 1370 1249 1435 posset
1276 1360 1366 1419 aliter

314 1448 383 1507 dici.
435 1445 504 1507 Non
530 1447 610 1503 euim
638 1454 716 1503 recte
745 1445 882 1540 lopnatur
906 1443 1005 1501 multis
1027 1442 1099 1505 locis
1127 1464 1166 1501 ue
1191 1447 1224 1502 in
1248 1440 1365 1502 Latino

315 1531 433 1605 quidem
460 1547 611 1606 samsone,
637 1530 664 1588 si
694 1532 760 1601 quis
788 1527 878 1587 dicat:
910 1546 1013 1585 causac
1037 1528 1105 1586 iaec
1128 1536 1183 1597 est,
1216 1528 1249 1585 ols
1274 1548 1363 1603 qurum

315 1622 365 1671 eta.
393 1633 552 1689 proquam
574 1613 607 1670 ob
626 1632 686 1670 rent
708 1620 774 1687 aut,
804 1610 882 1686 quod
904 1607 1016 1669 Graeco
1040 1602 1113 1674 ἀνθ’
1133 1632 1178 1691 soa
1198 1611 1289 1691 plape
1314 1630 1364 1671 re·

315 1696 450 1771 spondet,
471 1705 651 1775 quopropter,
672 1704 703 1755 et
726 1716 803 1772 quae
825 1702 895 1757 sunt
915 1694 1033 1757 similia.

726 1916 956 1927 ...a--u-——n

726 1932 841 1939 *au——n
890 1932 955 1939 -,-.

648 2104 673 2166 G
704 2103 739 2166 A
770 2104 795 2163 P
827 2104 856 2165 U
889 2103 915 2165 T
969 2101 1026 2164 IV.

413 2239 467 2312 lle
491 2241 693 2336 particula
719 2240 799 2334 tipo
825 2253 864 2311 at
889 2240 984 2311 aliis
1011 2238 1263 2335 quibusdam.

164 2409 168 2420 ¹
218 2420 298 2498 ’Ἀραι
390 2424 447 2487 'De
468 2428 612 2500 particula
631 2424 751 2499 APA,
774 2445 850 2499 quae
874 2422 937 2485 sive
961 2420 1027 2511 ipa
1048 2428 1110 2485 sive
1132 2413 1198 2507 ἆρα
1222 2446 1358 2499 pronun-

204 2539 236 2587 ρ,
253 2537 301 2588 40,-
315 2512 420 2584 tiatur,
447 2511 484 2568 ab
510 2504 619 2568 eadem'
638 2509 735 2567 radice
763 2508 913 2567 descendit
938 2517 967 2569 et
993 2508 1116 2568 eandem
1140 2528 1193 2582 per
1215 2528 1247 2567 se
1267 2508 1361 2568 habet

314 2593 575 2669 significationem,
603 2594 683 2651 varie
712 2603 814 2651 nostro
841 2600 972 2667 tempore
998 2592 1156 2661 iudicatum
1183 2602 1238 2651 est.
1279 2591 1360 2652 Nam

314 2697 405 2751 quom
427 2683 457 2734 et
480 2682 595 2734 veteres
616 2678 797 2752 grammatici
821 2673 934 2735 Graeci
949 2683 979 2735 et
1000 2678 1174 2735 recentiores
1197 2696 1296 2749 omues
1325 2679 1360 2734 in

314 2781 349 2819 eo
370 2762 598 2835 consensissent,
617 2770 650 2817 ut
668 2781 724 2835 per
744 2760 916 2835 particulam
936 2754 1002 2845 ἄρα
1023 2760 1135 2835 aliquid
1152 2763 1195 2817 ita
1216 2759 1358 2835 adalind,

314 2844 394 2918 quod
421 2851 471 2901 aut
496 2864 601 2923 resera
628 2846 757 2918 positum
786 2850 864 2903 esset
894 2854 962 2917 aut,
994 2850 1027 2901 ut
1049 2842 1117 2918 ips'a
1140 2846 1283 2903 sententia
1304 2866 1357 2919 po-

313 2935 442 3003 neretur,
468 2930 652 2987 extrinsecus
677 2928 884 2988 adsumendum
909 2935 997 3004 esset,
1014 2926 1135 2987 'adnecti
1161 2928 1299 3001 dicerent,
1326 2938 1358 2985 ut

313 3014 460 3087 posterius
479 3009 535 3070 lroc
558 3033 598 3071 ex
618 3013 671 3071 illo
695 3015 795 3086 priore
818 3016 903 3085 quasi
929 3012 1042 3085 aliquid
1062 3010 1223 3071 cohaerens
1244 3022 1272 3071 et
1288 3032 1357 3069 cau·

314 3115 442 3170 sequeus
473 3098 592 3156 evenire
619 3095 782 3169 rideretur,
812 3098 878 3155 sive
906 3116 942 3155 ea
970 3099 1017 3155 vis
1045 3096 1109 3155 sola
1136 3097 1357 3154 ratiocinatione

314 3181 377 3239 sive
396 3182 627 3256 interrogatione
647 3188 697 3237 aut
709 3178 921 3239 exclamatione
934 3179 1117 3253 proderetur,
1137 3200 1231 3254 nuper
1244 3182 1357 3239 exstitit

313 3259 358 3321 lo.
388 3261 524 3323 Adamus
551 3262 734 3339 Hartungius
773 3262 888 3338 diceus,
926 3282 1030 3322 omues
1063 3266 1263 3339 grammaticos
1291 3285 1358 3321 cum

314 3343 444 3407 Graecos
466 3356 528 3406 tum
547 3349 723 3407 recentiores
745 3345 933 3405 veliementer
952 3346 1045 3405 falsos
1070 3366 1134 3407 csse
1155 3368 1187 3404 ac
1209 3348 1356 3406 neminem

314 3449 433 3503 eorum,
455 3433 686 3513 quaereretis
710 3439 787 3490 esset
808 3428 895 3491 liuius
918 3430 1093 3505 particulae,
1115 3431 1268 3505 explorate
1288 3452 1357 3505 per·

313 3520 428 3585 ceptum
451 3510 596 3573 habuisse.
639 3512 768 3573 Tantum
789 3516 869 3573 euim
890 3516 1007 3585 abesse,
1035 3521 1068 3570 ut
1088 3534 1159 3573 vera
1183 3516 1228 3573 vis
1249 3534 1283 3572 ac
1302 3535 1355 3588 po·
1406 3533 1409 3543 ·

314 3603 402 3655 testas
424 3598 585 3669 particulae
609 3606 703 3670 esset,
726 3618 813 3672 qaam
835 3600 1001 3657 statuissent
1023 3600 1214 3672 grammatici,
1238 3607 1270 3656 ut
1288 3619 1355 3656 con·

313 3681 435 3739 uarium
461 3682 549 3756 plane
573 3682 647 3739 illud
676 3675 742 3763 ἄρα
773 3682 961 3757 significaret.
1013 3678 1183 3754 significari
1213 3685 1296 3740 eninr
1320 3702 1355 3740 ea

311 3764 452 3837 particule
471 3785 532 3823 non
553 3764 638 3838 illud,
662 3765 742 3839 quod
762 3767 848 3825 rebus
870 3768 911 3823 ita
931 3768 1106 3839 comparatis
1127 3774 1354 3825 cousentaneum

311 3859 389 3905 esset
407 3854 440 3905 ut
460 3848 559 3921 fieret,
580 3846 632 3905 scd
650 3847 685 3931 id
709 3848 825 3924 potius,
848 3848 927 3924 quod
947 3868 1125 3922 quamquam
1147 3868 1196 3909 res
1218 3852 1259 3907 ita
1279 3870 1353 3907 com·

310 3937 430 4005 paratae
450 3940 558 4004 essent,
580 3939 676 3989 tamen
698 3932 785 3991 fieret
806 3943 905 3991 contra
916 3933 1087 4006 opinionem
1104 3940 1190 4005 atqua
1205 3942 1352 4007 exspecta-

311 4015 423 4074 tionem
450 4022 588 4074 uostram.
640 4015 687 4077 Cf.
719 4018 782 4081 eins
805 4018 882 4076 liber
911 4020 954 4074 De
979 4017 1129 4093 portionalis
1161 4018 1212 4075 Gr.
1244 4018 1351 4090 linguae

310 4098 371 4176 sol.
398 4096 425 4157 l.
452 4121 484 4173 p.
512 4103 574 4158 422
595 4120 641 4175 sq.
685 4098 774 4180 Quod
803 4122 893 4175 quom
924 4121 985 4158 nou
1014 4120 1140 4173 uorum,
1168 4098 1222 4159 sed
1248 4099 1350 4157 salsum

310 4187 406 4256 esset,
439 4203 492 4243 nec
522 4184 573 4241 alii
603 4185 785 4261 grammatici
813 4184 1014 4257 accipiendum
1041 4190 1216 4258 putauerunt
1239 4189 1267 4241 et
1294 4184 1352 4257 ipsi

258 4270 264 4275 '
311 4264 371 4319 iam
395 4283 482 4339 supra
507 4288 537 4340 p.
562 4273 600 4326 19
622 4288 689 4344 sqq
717 4270 769 4327 ubi
795 4268 935 4344 agebatur
955 4267 1162 4341 ‹lopsrticulis
1185 4257 1253 4328 ἀλλ’
1279 4256 1353 4347 ἄρα,

310 4344 455 4414 professi·
470 4366 590 4424 sumus,
624 4354 709 4413 nobis
740 4354 827 4415 istam
859 4350 1028 4427 explicandi
1058 4352 1204 4411 radonem
1236 4370 1353 4425 proretis
