<?xml version="1.0" encoding="UTF-8"?>
<!DOCTYPE html PUBLIC "-//W3C//DTD XHTML 1.0 Transitional//EN"
    "http://www.w3.org/TR/xhtml1/DTD/xhtml1-transitional.dtd">
<html xmlns="http://www.w3.org/1999/xhtml" xml:lang="en" lang="en">
 <head>
  <title>
</title>
<meta http-equiv="Content-Type" content="text/html;charset=utf-8" />
  <meta name='ocr-system' content='tesseract 3.04.00' />
  <meta name='ocr-capabilities' content='ocr_page ocr_carea ocr_par ocr_line ocrx_word'/>
</head>
<body>
  <div class='ocr_page' id='page_1' title='image "./matthaeidevarii00unkngoog_0480.png"; bbox 0 0 2850 4842; ppageno 0'>
   <div class='ocr_carea' id='block_1_1' title="bbox 283 390 866 526">
    <p class='ocr_par' dir='ltr' id='par_1_1' title="bbox 283 390 866 526">
     <span class='ocr_line' id='line_1_1' title="bbox 283 390 866 526; baseline -0.005 -20"><span class='ocrx_word' id='word_1_1' title='bbox 283 441 347 511; x_wconf 74' lang='lat'><strong>102</strong></span> <span class='ocrx_word' id='word_1_2' title='bbox 686 434 689 437; x_wconf 36' lang='lat'><strong>⁴</strong></span> <span class='ocrx_word' id='word_1_3' title='bbox 755 390 866 526; x_wconf 48' lang='lat' dir='ltr'><strong>ipos</strong></span> 
     </span>
    </p>
   </div>
   <div class='ocr_carea' id='block_1_2' title="bbox 281 604 1327 769">
    <p class='ocr_par' dir='ltr' id='par_1_2' title="bbox 281 604 1327 769">
     <span class='ocr_line' id='line_1_2' title="bbox 281 604 1327 693; baseline 0 -24"><span class='ocrx_word' id='word_1_4' title='bbox 281 614 355 674; x_wconf 74' lang='lat' dir='ltr'><strong>sads</strong></span> <span class='ocrx_word' id='word_1_5' title='bbox 382 618 445 669; x_wconf 86' lang='lat' dir='ltr'><strong>erat</strong></span> <span class='ocrx_word' id='word_1_6' title='bbox 472 614 559 670; x_wconf 84' lang='lat' dir='ltr'><strong>antea</strong></span> <span class='ocrx_word' id='word_1_7' title='bbox 582 606 767 669; x_wconf 86' lang='lat' dir='ltr'><strong>declaratum.</strong></span> <span class='ocrx_word' id='word_1_8' title='bbox 809 605 941 669; x_wconf 80' lang='lat' dir='ltr'><strong>Graecos</strong></span> <span class='ocrx_word' id='word_1_9' title='bbox 971 608 1051 667; x_wconf 87' lang='lat' dir='ltr'><strong>enim</strong></span> <span class='ocrx_word' id='word_1_10' title='bbox 1076 608 1143 693; x_wconf 73' lang='lat' dir='ltr'><strong>telis</strong></span> <span class='ocrx_word' id='word_1_11' title='bbox 1170 604 1327 686; x_wconf 75' lang='lat' dir='ltr'>Apollinis</span> 
     </span>
     <span class='ocr_line' id='line_1_3' title="bbox 282 686 1097 769; baseline -0.005 -14"><span class='ocrx_word' id='word_1_12' title='bbox 282 697 391 755; x_wconf 86' lang='lat' dir='ltr'><strong>occisos</strong></span> <span class='ocrx_word' id='word_1_13' title='bbox 409 694 503 755; x_wconf 81' lang='lat' dir='ltr'><strong>fnisse</strong></span> <span class='ocrx_word' id='word_1_14' title='bbox 525 701 696 753; x_wconf 74' lang='lat' dir='ltr'><strong>narraverat</strong></span> <span class='ocrx_word' id='word_1_15' title='bbox 718 686 804 754; x_wconf 77' lang='lat' dir='ltr'><strong>modd</strong></span> <span class='ocrx_word' id='word_1_16' title='bbox 827 701 914 769; x_wconf 86' lang='lat' dir='ltr'><strong>poeta</strong></span> <span class='ocrx_word' id='word_1_17' title='bbox 936 712 966 755; x_wconf 85' lang='lat' dir='ltr'><strong>v.</strong></span> <span class='ocrx_word' id='word_1_18' title='bbox 989 696 1027 751; x_wconf 78' lang='lat'><strong>51</strong></span> <span class='ocrx_word' id='word_1_19' title='bbox 1049 712 1097 767; x_wconf 83' lang='lat' dir='ltr'><strong>sq.</strong></span> 
     </span>
    </p>
   </div>
   <div class='ocr_carea' id='block_1_3' title="bbox 351 812 1167 957">
    <p class='ocr_par' dir='ltr' id='par_1_3' title="bbox 351 812 1167 957">
     <span class='ocr_line' id='line_1_4' title="bbox 433 812 1135 889; baseline -0.003 -20"><span class='ocrx_word' id='word_1_20' title='bbox 433 812 529 889; x_wconf 74' lang='grc' dir='ltr'><em>Αὐτὰρ</em></span> <span class='ocrx_word' id='word_1_21' title='bbox 551 814 637 869; x_wconf 69' lang='grc' dir='ltr'><em>ἔπειτ’</em></span> <span class='ocrx_word' id='word_1_22' title='bbox 659 813 767 869; x_wconf 75' lang='grc' dir='ltr'><em>αὑτοῖσι</em></span> <span class='ocrx_word' id='word_1_23' title='bbox 783 817 862 881; x_wconf 72' lang='grc' dir='ltr'><em>βέλος</em></span> <span class='ocrx_word' id='word_1_24' title='bbox 878 813 1022 883; x_wconf 68' lang='grc' dir='ltr'><em>ἐχεπευκὲς</em></span> <span class='ocrx_word' id='word_1_25' title='bbox 1040 814 1135 885; x_wconf 61' lang='lat' dir='ltr'><strong>innato,</strong></span> 
     </span>
     <span class='ocr_line' id='line_1_5' title="bbox 351 878 1167 957; baseline 0.001 -20"><span class='ocrx_word' id='word_1_26' title='bbox 351 926 353 931; x_wconf 87' lang='lat'><em>.</em></span> <span class='ocrx_word' id='word_1_27' title='bbox 434 879 525 950; x_wconf 64' lang='lat' dir='ltr'><strong>ssffl’·</strong></span> <span class='ocrx_word' id='word_1_28' title='bbox 546 886 602 937; x_wconf 77' lang='lat' dir='ltr'><strong>ulei</strong></span> <span class='ocrx_word' id='word_1_29' title='bbox 621 883 654 937; x_wconf 73' lang='lat' dir='ltr'><strong>dt</strong></span> <span class='ocrx_word' id='word_1_30' title='bbox 671 886 760 957; x_wconf 76' lang='grc' dir='ltr'><em>πυραὶ</em></span> <span class='ocrx_word' id='word_1_31' title='bbox 779 878 884 938; x_wconf 75' lang='grc' dir='ltr'><em>νεκύων</em></span> <span class='ocrx_word' id='word_1_32' title='bbox 900 888 1011 937; x_wconf 69' lang='grc' dir='ltr'><em>καίοντο</em></span> <span class='ocrx_word' id='word_1_33' title='bbox 1028 886 1167 955; x_wconf 66' lang='grc' dir='ltr'><strong>θαμειαί,</strong></span> 
     </span>
    </p>
   </div>
   <div class='ocr_carea' id='block_1_4' title="bbox 204 993 1324 1992">
    <p class='ocr_par' dir='ltr' id='par_1_4' title="bbox 204 993 1324 1992">
     <span class='ocr_line' id='line_1_6' title="bbox 280 993 1323 1073; baseline 0.003 -19"><span class='ocrx_word' id='word_1_34' title='bbox 280 1005 312 1054; x_wconf 88' lang='lat' dir='ltr'><strong>nt</strong></span> <span class='ocrx_word' id='word_1_35' title='bbox 339 998 409 1055; x_wconf 86' lang='lat' dir='ltr'><strong>satis</strong></span> <span class='ocrx_word' id='word_1_36' title='bbox 436 993 586 1054; x_wconf 88' lang='lat' dir='ltr'><strong>commode</strong></span> <span class='ocrx_word' id='word_1_37' title='bbox 611 1003 709 1070; x_wconf 86' lang='lat' dir='ltr'><strong>posset</strong></span> <span class='ocrx_word' id='word_1_38' title='bbox 736 1014 883 1071; x_wconf 75' lang='lat' dir='ltr'>caussam,</span> <span class='ocrx_word' id='word_1_39' title='bbox 913 1016 1000 1071; x_wconf 82' lang='lat' dir='ltr'><strong>quem</strong></span> <span class='ocrx_word' id='word_1_40' title='bbox 1027 998 1065 1054; x_wconf 77' lang='lat' dir='ltr'><strong>oli</strong></span> <span class='ocrx_word' id='word_1_41' title='bbox 1094 1017 1159 1056; x_wconf 90' lang='lat' dir='ltr'><strong>rem</strong></span> <span class='ocrx_word' id='word_1_42' title='bbox 1184 994 1257 1073; x_wconf 79' lang='lat' dir='ltr'><strong>luno</strong></span> <span class='ocrx_word' id='word_1_43' title='bbox 1283 996 1323 1057; x_wconf 86' lang='lat' dir='ltr'><strong>de</strong></span> 
     </span>
     <span class='ocr_line' id='line_1_7' title="bbox 277 1071 1324 1163; baseline 0.003 -25"><span class='ocrx_word' id='word_1_44' title='bbox 277 1077 393 1139; x_wconf 87' lang='lat' dir='ltr'><strong>Danais</strong></span> <span class='ocrx_word' id='word_1_45' title='bbox 425 1080 550 1138; x_wconf 84' lang='lat' dir='ltr'><strong>sollicita</strong></span> <span class='ocrx_word' id='word_1_46' title='bbox 581 1089 672 1154; x_wconf 84' lang='lat' dir='ltr'><strong>esset,</strong></span> <span class='ocrx_word' id='word_1_47' title='bbox 704 1082 746 1139; x_wconf 88' lang='lat' dir='ltr'><strong>sic</strong></span> <span class='ocrx_word' id='word_1_48' title='bbox 775 1079 913 1139; x_wconf 81' lang='lat' dir='ltr'>reddere:</span> <span class='ocrx_word' id='word_1_49' title='bbox 954 1077 1009 1142; x_wconf 77' lang='lat' dir='ltr'><strong>liet</strong></span> <span class='ocrx_word' id='word_1_50' title='bbox 1040 1076 1083 1163; x_wconf 77' lang='lat' dir='ltr'><strong>(ia</strong></span> <span class='ocrx_word' id='word_1_51' title='bbox 1113 1071 1324 1162; x_wconf 71' lang='grc' dir='ltr'><em>θνήσκοντας</em></span> 
     </span>
     <span class='ocr_line' id='line_1_8' title="bbox 277 1155 1323 1247; baseline -0.002 -22"><span class='ocrx_word' id='word_1_52' title='bbox 277 1155 412 1247; x_wconf 62' lang='lat' dir='ltr'><strong>diptico„</strong></span> <span class='ocrx_word' id='word_1_53' title='bbox 442 1165 493 1222; x_wconf 91' lang='lat' dir='ltr'><strong>ubi</strong></span> <span class='ocrx_word' id='word_1_54' title='bbox 521 1183 578 1237; x_wconf 89' lang='lat' dir='ltr'><strong>per</strong></span> <span class='ocrx_word' id='word_1_55' title='bbox 601 1164 773 1237; x_wconf 73' lang='lat' dir='ltr'>particulam</span> <span class='ocrx_word' id='word_1_56' title='bbox 796 1158 839 1245; x_wconf 76' lang='grc' dir='ltr'><strong>ῥὰ</strong></span> <span class='ocrx_word' id='word_1_57' title='bbox 861 1162 897 1221; x_wconf 92' lang='lat' dir='ltr'><strong>ad</strong></span> <span class='ocrx_word' id='word_1_58' title='bbox 919 1162 1008 1238; x_wconf 89' lang='lat' dir='ltr'><strong>illud,</strong></span> <span class='ocrx_word' id='word_1_59' title='bbox 1038 1162 1118 1237; x_wconf 86' lang='lat' dir='ltr'><strong>quod</strong></span> <span class='ocrx_word' id='word_1_60' title='bbox 1133 1165 1323 1238; x_wconf 71' lang='lat' dir='ltr'><strong>‘explicatum</strong></span> 
     </span>
     <span class='ocr_line' id='line_1_9' title="bbox 275 1245 1322 1323; baseline -0.001 -17"><span class='ocrx_word' id='word_1_61' title='bbox 275 1249 336 1306; x_wconf 91' lang='lat' dir='ltr'><strong>iam</strong></span> <span class='ocrx_word' id='word_1_62' title='bbox 364 1254 440 1322; x_wconf 87' lang='lat' dir='ltr'><strong>eret,</strong></span> <span class='ocrx_word' id='word_1_63' title='bbox 467 1266 647 1306; x_wconf 80' lang='lat' dir='ltr'><strong>revocamur.</strong></span> <span class='ocrx_word' id='word_1_64' title='bbox 690 1245 753 1307; x_wconf 87' lang='lat' dir='ltr'><strong>Nos</strong></span> <span class='ocrx_word' id='word_1_65' title='bbox 784 1246 926 1305; x_wconf 84' lang='lat' dir='ltr'><strong>dicamus:</strong></span> <span class='ocrx_word' id='word_1_66' title='bbox 966 1247 1032 1305; x_wconf 82' lang='lat' dir='ltr'><strong>weil</strong></span> <span class='ocrx_word' id='word_1_67' title='bbox 1057 1253 1098 1305; x_wconf 81' lang='lat' dir='ltr'><strong>eie</strong></span> <span class='ocrx_word' id='word_1_68' title='bbox 1125 1248 1162 1323; x_wconf 61' lang='grc' dir='ltr'><strong>ῥα</strong></span> <span class='ocrx_word' id='word_1_69' title='bbox 1188 1252 1230 1305; x_wconf 84' lang='lat' dir='ltr'><strong>sie</strong></span> <span class='ocrx_word' id='word_1_70' title='bbox 1253 1250 1322 1305; x_wconf 66' lang='lat' dir='ltr'><strong>lvm-</strong></span> 
     </span>
     <span class='ocr_line' id='line_1_10' title="bbox 204 1330 1323 1407; baseline -0.002 -18"><span class='ocrx_word' id='word_1_71' title='bbox 204 1356 208 1363; x_wconf 72' lang='grc'>’</span> <span class='ocrx_word' id='word_1_72' title='bbox 273 1330 383 1389; x_wconf 77' lang='lat' dir='ltr'><strong>sterben</strong></span> <span class='ocrx_word' id='word_1_73' title='bbox 402 1330 476 1401; x_wconf 60' lang='lat' dir='ltr'><strong>coh,</strong></span> <span class='ocrx_word' id='word_1_74' title='bbox 496 1333 603 1405; x_wconf 85' lang='lat' dir='ltr'><strong>quibus</strong></span> <span class='ocrx_word' id='word_1_75' title='bbox 623 1333 654 1389; x_wconf 86' lang='lat' dir='ltr'><strong>in</strong></span> <span class='ocrx_word' id='word_1_76' title='bbox 676 1333 774 1391; x_wconf 81' lang='lat' dir='ltr'><strong>verbis</strong></span> <span class='ocrx_word' id='word_1_77' title='bbox 795 1338 928 1389; x_wconf 87' lang='lat' dir='ltr'><strong>nostrum</strong></span> <span class='ocrx_word' id='word_1_78' title='bbox 944 1330 981 1407; x_wconf 75' lang='lat' dir='ltr'><strong>jn</strong></span> <span class='ocrx_word' id='word_1_79' title='bbox 1004 1338 1032 1388; x_wconf 89' lang='lat' dir='ltr'><strong>et</strong></span> <span class='ocrx_word' id='word_1_80' title='bbox 1050 1334 1149 1404; x_wconf 88' lang='lat' dir='ltr'><strong>ipsum</strong></span> <span class='ocrx_word' id='word_1_81' title='bbox 1169 1351 1224 1392; x_wconf 83' lang='lat' dir='ltr'><strong>uos</strong></span> <span class='ocrx_word' id='word_1_82' title='bbox 1237 1332 1323 1389; x_wconf 87' lang='lat' dir='ltr'><strong>iubet</strong></span> 
     </span>
     <span class='ocr_line' id='line_1_11' title="bbox 274 1412 1321 1489; baseline 0 -18"><span class='ocrx_word' id='word_1_83' title='bbox 274 1412 475 1489; x_wconf 83' lang='lat' dir='ltr'><strong>considerare,</strong></span> <span class='ocrx_word' id='word_1_84' title='bbox 504 1434 563 1489; x_wconf 90' lang='lat' dir='ltr'><strong>quo</strong></span> <span class='ocrx_word' id='word_1_85' title='bbox 593 1417 626 1473; x_wconf 94' lang='lat' dir='ltr'><strong>in</strong></span> <span class='ocrx_word' id='word_1_86' title='bbox 657 1425 735 1474; x_wconf 88' lang='lat' dir='ltr'><strong>statu</strong></span> <span class='ocrx_word' id='word_1_87' title='bbox 765 1417 823 1472; x_wconf 87' lang='lat' dir='ltr'><strong>iem</strong></span> <span class='ocrx_word' id='word_1_88' title='bbox 855 1434 901 1472; x_wconf 82' lang='lat' dir='ltr'><strong>res</strong></span> <span class='ocrx_word' id='word_1_89' title='bbox 933 1414 1033 1472; x_wconf 87' lang='lat' dir='ltr'><strong>fuerit.</strong></span> <span class='ocrx_word' id='word_1_90' title='bbox 1081 1412 1201 1472; x_wconf 81' lang='lat' dir='ltr'><strong>Exinde</strong></span> <span class='ocrx_word' id='word_1_91' title='bbox 1229 1416 1321 1472; x_wconf 87' lang='lat' dir='ltr'><strong>etiam</strong></span> 
     </span>
     <span class='ocr_line' id='line_1_12' title="bbox 272 1488 1321 1581; baseline 0 -26"><span class='ocrx_word' id='word_1_92' title='bbox 272 1496 348 1555; x_wconf 88' lang='lat' dir='ltr'><strong>illud</strong></span> <span class='ocrx_word' id='word_1_93' title='bbox 367 1507 467 1555; x_wconf 85' lang='lat' dir='ltr'><strong>natum</strong></span> <span class='ocrx_word' id='word_1_94' title='bbox 489 1506 542 1573; x_wconf 88' lang='lat' dir='ltr'><strong>est,</strong></span> <span class='ocrx_word' id='word_1_95' title='bbox 563 1500 590 1555; x_wconf 88' lang='lat' dir='ltr'><strong>si</strong></span> <span class='ocrx_word' id='word_1_96' title='bbox 608 1497 681 1556; x_wconf 90' lang='lat' dir='ltr'><strong>illud</strong></span> <span class='ocrx_word' id='word_1_97' title='bbox 702 1488 755 1581; x_wconf 76' lang='grc' dir='ltr'><strong>ῥά,</strong></span> <span class='ocrx_word' id='word_1_98' title='bbox 777 1497 855 1572; x_wconf 85' lang='lat' dir='ltr'><strong>quod</strong></span> <span class='ocrx_word' id='word_1_99' title='bbox 873 1518 932 1556; x_wconf 92' lang='lat' dir='ltr'><strong>uon</strong></span> <span class='ocrx_word' id='word_1_100' title='bbox 954 1506 1034 1555; x_wconf 89' lang='lat' dir='ltr'><strong>tauta</strong></span> <span class='ocrx_word' id='word_1_101' title='bbox 1050 1498 1080 1555; x_wconf 90' lang='lat' dir='ltr'><strong>vi</strong></span> <span class='ocrx_word' id='word_1_102' title='bbox 1096 1496 1321 1572; x_wconf 79' lang='lat' dir='ltr'><strong>dicitnr‚·usur·</strong></span> 
     </span>
     <span class='ocr_line' id='line_1_13' title="bbox 270 1581 1322 1656; baseline 0 -17"><span class='ocrx_word' id='word_1_103' title='bbox 270 1588 373 1655; x_wconf 79' lang='lat' dir='ltr'><strong>petar,</strong></span> <span class='ocrx_word' id='word_1_104' title='bbox 404 1590 437 1637; x_wconf 90' lang='lat' dir='ltr'><strong>ut</strong></span> <span class='ocrx_word' id='word_1_105' title='bbox 456 1584 517 1639; x_wconf 91' lang='lat' dir='ltr'><strong>vim</strong></span> <span class='ocrx_word' id='word_1_106' title='bbox 542 1588 588 1656; x_wconf 89' lang='lat' dir='ltr'><strong>et,</strong></span> <span class='ocrx_word' id='word_1_107' title='bbox 613 1589 645 1637; x_wconf 92' lang='lat' dir='ltr'><strong>ut</strong></span> <span class='ocrx_word' id='word_1_108' title='bbox 666 1584 708 1639; x_wconf 93' lang='lat' dir='ltr'><strong>ita</strong></span> <span class='ocrx_word' id='word_1_109' title='bbox 730 1581 840 1656; x_wconf 87' lang='lat' dir='ltr'><strong>dicam,</strong></span> <span class='ocrx_word' id='word_1_110' title='bbox 869 1582 1040 1641; x_wconf 81' lang='lat' dir='ltr'><strong>relationem</strong></span> <span class='ocrx_word' id='word_1_111' title='bbox 1063 1584 1245 1655; x_wconf 81' lang='lat' dir='ltr'><strong>pronominis</strong></span> <span class='ocrx_word' id='word_1_112' title='bbox 1266 1591 1322 1639; x_wconf 89' lang='lat' dir='ltr'><strong>aut</strong></span> 
     </span>
     <span class='ocr_line' id='line_1_14' title="bbox 269 1662 1321 1739; baseline 0.002 -19"><span class='ocrx_word' id='word_1_113' title='bbox 269 1664 430 1738; x_wconf 76' lang='lat' dir='ltr'><strong>particulae</strong></span> <span class='ocrx_word' id='word_1_114' title='bbox 452 1664 596 1723; x_wconf 74' lang='lat' dir='ltr'><strong>relativae</strong></span> <span class='ocrx_word' id='word_1_115' title='bbox 617 1673 708 1723; x_wconf 87' lang='lat' dir='ltr'><strong>acuat.</strong></span> <span class='ocrx_word' id='word_1_116' title='bbox 751 1662 802 1722; x_wconf 89' lang='lat' dir='ltr'><strong>Fit</strong></span> <span class='ocrx_word' id='word_1_117' title='bbox 823 1668 901 1723; x_wconf 88' lang='lat' dir='ltr'><strong>enim</strong></span> <span class='ocrx_word' id='word_1_118' title='bbox 923 1662 979 1722; x_wconf 78' lang='lat' dir='ltr'><strong>lucc</strong></span> <span class='ocrx_word' id='word_1_119' title='bbox 1000 1668 1192 1739; x_wconf 77' lang='lat' dir='ltr'><strong>potissumum</strong></span> <span class='ocrx_word' id='word_1_120' title='bbox 1212 1685 1259 1737; x_wconf 87' lang='lat' dir='ltr'><strong>eo,</strong></span> <span class='ocrx_word' id='word_1_121' title='bbox 1283 1674 1321 1722; x_wconf 87' lang='lat' dir='ltr'><strong>ut</strong></span> 
     </span>
     <span class='ocr_line' id='line_1_15' title="bbox 269 1748 1319 1824; baseline 0.001 -18"><span class='ocrx_word' id='word_1_122' title='bbox 269 1769 456 1824; x_wconf 77' lang='lat' dir='ltr'><strong>revocemur,</strong></span> <span class='ocrx_word' id='word_1_123' title='bbox 480 1748 516 1807; x_wconf 88' lang='lat' dir='ltr'><strong>ad</strong></span> <span class='ocrx_word' id='word_1_124' title='bbox 539 1757 723 1822; x_wconf 89' lang='lat' dir='ltr'><strong>praesentem</strong></span> <span class='ocrx_word' id='word_1_125' title='bbox 746 1768 842 1806; x_wconf 85' lang='lat' dir='ltr'><strong>rerum</strong></span> <span class='ocrx_word' id='word_1_126' title='bbox 864 1756 982 1823; x_wconf 87' lang='lat' dir='ltr'><strong>statum,</strong></span> <span class='ocrx_word' id='word_1_127' title='bbox 1004 1751 1035 1806; x_wconf 92' lang='lat' dir='ltr'><strong>in</strong></span> <span class='ocrx_word' id='word_1_128' title='bbox 1057 1770 1116 1823; x_wconf 87' lang='lat' dir='ltr'><strong>quo</strong></span> <span class='ocrx_word' id='word_1_129' title='bbox 1137 1770 1198 1807; x_wconf 90' lang='lat' dir='ltr'><strong>uon</strong></span> <span class='ocrx_word' id='word_1_130' title='bbox 1219 1749 1319 1808; x_wconf 82' lang='lat' dir='ltr'><strong>solum</strong></span> 
     </span>
     <span class='ocr_line' id='line_1_16' title="bbox 232 1829 1319 1913; baseline 0.003 -25"><span class='ocrx_word' id='word_1_131' title='bbox 232 1892 235 1899; x_wconf 67' lang='grc'><strong>,</strong></span> <span class='ocrx_word' id='word_1_132' title='bbox 268 1852 330 1889; x_wconf 91' lang='lat' dir='ltr'><strong>non</strong></span> <span class='ocrx_word' id='word_1_133' title='bbox 360 1835 463 1913; x_wconf 70' lang='lat' dir='ltr'><strong>minim</strong></span> <span class='ocrx_word' id='word_1_134' title='bbox 490 1834 528 1891; x_wconf 91' lang='lat' dir='ltr'><strong>sit</strong></span> <span class='ocrx_word' id='word_1_135' title='bbox 554 1830 611 1891; x_wconf 84' lang='lat' dir='ltr'><strong>lroc</strong></span> <span class='ocrx_word' id='word_1_136' title='bbox 635 1831 721 1906; x_wconf 84' lang='lat' dir='ltr'><strong>fieri,</strong></span> <span class='ocrx_word' id='word_1_137' title='bbox 755 1830 919 1892; x_wconf 81' lang='lat' dir='ltr'><strong>sedetiam</strong></span> <span class='ocrx_word' id='word_1_138' title='bbox 948 1838 1183 1891; x_wconf 82' lang='lat' dir='ltr'><strong>cousentaneum.</strong></span> <span class='ocrx_word' id='word_1_139' title='bbox 1230 1829 1319 1891; x_wconf 80' lang='lat' dir='ltr'><strong>llaec</strong></span> 
     </span>
     <span class='ocr_line' id='line_1_17' title="bbox 265 1915 1237 1992; baseline 0.001 -19"><span class='ocrx_word' id='word_1_140' title='bbox 265 1917 428 1991; x_wconf 70' lang='lat' dir='ltr'><strong>particulae</strong></span> <span class='ocrx_word' id='word_1_141' title='bbox 449 1917 493 1975; x_wconf 87' lang='lat' dir='ltr'><strong>vis</strong></span> <span class='ocrx_word' id='word_1_142' title='bbox 516 1926 636 1991; x_wconf 86' lang='lat' dir='ltr'><strong>apparet</strong></span> <span class='ocrx_word' id='word_1_143' title='bbox 660 1918 748 1974; x_wconf 89' lang='lat' dir='ltr'><strong>etiam</strong></span> <span class='ocrx_word' id='word_1_144' title='bbox 771 1919 804 1973; x_wconf 90' lang='lat' dir='ltr'><strong>in</strong></span> <span class='ocrx_word' id='word_1_145' title='bbox 827 1937 857 1980; x_wconf 83' lang='lat' dir='ltr'><strong>v.</strong></span> <span class='ocrx_word' id='word_1_146' title='bbox 883 1918 945 1992; x_wconf 68' lang='lat'><strong>65„</strong></span> <span class='ocrx_word' id='word_1_147' title='bbox 967 1918 1018 1975; x_wconf 88' lang='lat' dir='ltr'><strong>nbi</strong></span> <span class='ocrx_word' id='word_1_148' title='bbox 1041 1915 1096 1974; x_wconf 87' lang='lat' dir='ltr'><strong>hoc</strong></span> <span class='ocrx_word' id='word_1_149' title='bbox 1116 1916 1237 1974; x_wconf 87' lang='lat' dir='ltr'><strong>dicitnr:</strong></span> 
     </span>
    </p>
   </div>
   <div class='ocr_carea' id='block_1_5' title="bbox 397 2040 1183 2120">
    <p class='ocr_par' dir='ltr' id='par_1_5' title="bbox 397 2040 1183 2120">
     <span class='ocr_line' id='line_1_18' title="bbox 397 2040 1183 2120; baseline -0.001 -20"><span class='ocrx_word' id='word_1_150' title='bbox 397 2044 447 2101; x_wconf 76' lang='grc' dir='ltr'><strong>εἴτ’</strong></span> <span class='ocrx_word' id='word_1_151' title='bbox 469 2040 517 2120; x_wconf 77' lang='lat' dir='ltr'><strong>c&#39;c&#39;p&#39;</strong></span> <span class='ocrx_word' id='word_1_152' title='bbox 538 2042 582 2115; x_wconf 79' lang='grc' dir='ltr'><strong>ὅγ’</strong></span> <span class='ocrx_word' id='word_1_153' title='bbox 603 2042 723 2116; x_wconf 75' lang='grc' dir='ltr'><em>εὐχωλῆς</em></span> <span class='ocrx_word' id='word_1_154' title='bbox 739 2046 936 2118; x_wconf 70' lang='grc' dir='ltr'><strong>ἐπιμέμφεται,</strong></span> <span class='ocrx_word' id='word_1_155' title='bbox 952 2043 1004 2100; x_wconf 70' lang='grc' dir='ltr'><strong>εἴθ’</strong></span> <span class='ocrx_word' id='word_1_156' title='bbox 1024 2042 1183 2116; x_wconf 68' lang='grc' dir='ltr'><em>ἑκατόμβης.</em></span> 
     </span>
    </p>
   </div>
   <div class='ocr_carea' id='block_1_6' title="bbox 265 2132 1316 2467">
    <p class='ocr_par' dir='ltr' id='par_1_6' title="bbox 265 2132 1316 2467">
     <span class='ocr_line' id='line_1_19' title="bbox 265 2132 1316 2245; baseline -0.001 -16"><span class='ocrx_word' id='word_1_157' title='bbox 265 2165 351 2230; x_wconf 84' lang='lat' dir='ltr'><strong>Nihil</strong></span> <span class='ocrx_word' id='word_1_158' title='bbox 375 2172 453 2229; x_wconf 87' lang='lat' dir='ltr'><strong>enim</strong></span> <span class='ocrx_word' id='word_1_159' title='bbox 477 2170 545 2228; x_wconf 88' lang='lat' dir='ltr'><strong>miri</strong></span> <span class='ocrx_word' id='word_1_160' title='bbox 567 2132 674 2228; x_wconf 82' lang='lat' dir='ltr'><strong>dicitur</strong></span> <span class='ocrx_word' id='word_1_161' title='bbox 693 2167 747 2227; x_wconf 77' lang='lat' dir='ltr'><strong>lucu</strong></span> <span class='ocrx_word' id='word_1_162' title='bbox 768 2166 852 2243; x_wconf 88' lang='lat' dir='ltr'><strong>loco,</strong></span> <span class='ocrx_word' id='word_1_163' title='bbox 884 2167 935 2227; x_wconf 91' lang='lat' dir='ltr'><strong>sed</strong></span> <span class='ocrx_word' id='word_1_164' title='bbox 958 2170 1055 2243; x_wconf 88' lang='lat' dir='ltr'><strong>potius</strong></span> <span class='ocrx_word' id='word_1_165' title='bbox 1079 2154 1209 2243; x_wconf 85' lang='lat' dir='ltr'><strong>aliquid,</strong></span> <span class='ocrx_word' id='word_1_166' title='bbox 1231 2172 1316 2245; x_wconf 87' lang='lat' dir='ltr'><strong>quod</strong></span> 
     </span>
     <span class='ocr_line' id='line_1_20' title="bbox 265 2250 1245 2326; baseline 0 -14"><span class='ocrx_word' id='word_1_167' title='bbox 265 2274 307 2312; x_wconf 84' lang='lat' dir='ltr'><strong>ex</strong></span> <span class='ocrx_word' id='word_1_168' title='bbox 328 2252 566 2313; x_wconf 82' lang='lat' dir='ltr'><strong>antecedentibus</strong></span> <span class='ocrx_word' id='word_1_169' title='bbox 589 2253 675 2312; x_wconf 87' lang='lat' dir='ltr'><strong>facile</strong></span> <span class='ocrx_word' id='word_1_170' title='bbox 697 2253 854 2312; x_wconf 88' lang='lat' dir='ltr'><strong>derivetur.</strong></span> <span class='ocrx_word' id='word_1_171' title='bbox 897 2250 1025 2311; x_wconf 84' lang='lat' dir='ltr'><strong>Dixerat</strong></span> <span class='ocrx_word' id='word_1_172' title='bbox 1046 2254 1123 2310; x_wconf 89' lang='lat' dir='ltr'><strong>enim</strong></span> <span class='ocrx_word' id='word_1_173' title='bbox 1141 2260 1245 2326; x_wconf 87' lang='lat' dir='ltr'><strong>poeta:</strong></span> 
     </span>
     <span class='ocr_line' id='line_1_21' title="bbox 347 2376 1032 2467; baseline -0.004 -30"><span class='ocrx_word' id='word_1_174' title='bbox 347 2376 418 2437; x_wconf 68' lang='lat' dir='ltr'><strong>:stt</strong></span> <span class='ocrx_word' id='word_1_175' title='bbox 436 2376 487 2467; x_wconf 70' lang='lat' dir='ltr'><strong>dyc</strong></span> <span class='ocrx_word' id='word_1_176' title='bbox 507 2378 543 2449; x_wconf 68' lang='grc' dir='ltr'><strong>δή</strong></span> <span class='ocrx_word' id='word_1_177' title='bbox 560 2401 621 2435; x_wconf 77' lang='grc' dir='ltr'><strong>τινα</strong></span> <span class='ocrx_word' id='word_1_178' title='bbox 637 2377 739 2445; x_wconf 77' lang='grc' dir='ltr'><em>μάντιν</em></span> <span class='ocrx_word' id='word_1_179' title='bbox 756 2382 894 2465; x_wconf 49' lang='grc' dir='ltr'><strong>ἔρείομενῦ</strong></span> <span class='ocrx_word' id='word_1_180' title='bbox 912 2376 928 2447; x_wconf 78' lang='grc' dir='ltr'>ἢ</span> <span class='ocrx_word' id='word_1_181' title='bbox 945 2382 1032 2449; x_wconf 78' lang='grc' dir='ltr'><em>ἱερῆα,</em></span> 
     </span>
    </p>
   </div>
   <div class='ocr_carea' id='block_1_7' title="bbox 348 2444 1266 2587">
    <p class='ocr_par' dir='ltr' id='par_1_7' title="bbox 348 2444 1266 2587">
     <span class='ocr_line' id='line_1_22' title="bbox 348 2444 1266 2533; baseline -0.003 -33"><span class='ocrx_word' id='word_1_182' title='bbox 348 2445 431 2533; x_wconf 54' lang='lat' dir='ltr'><strong>{eccl</strong></span> <span class='ocrx_word' id='word_1_183' title='bbox 448 2444 628 2521; x_wconf 80' lang='grc' dir='ltr'><em>ονεερσπόλσν</em></span> <span class='ocrx_word' id='word_1_184' title='bbox 644 2477 681 2488; x_wconf 93' lang='grc'><strong>-</strong></span> <span class='ocrx_word' id='word_1_185' title='bbox 697 2452 745 2502; x_wconf 75' lang='grc' dir='ltr'><strong>καὶ</strong></span> <span class='ocrx_word' id='word_1_186' title='bbox 762 2468 816 2521; x_wconf 76' lang='grc' dir='ltr'><strong>γαρ</strong></span> <span class='ocrx_word' id='word_1_187' title='bbox 834 2448 858 2502; x_wconf 80' lang='grc' dir='ltr'><strong>ι’</strong></span> <span class='ocrx_word' id='word_1_188' title='bbox 879 2459 947 2519; x_wconf 58' lang='lat' dir='ltr'><strong>clap</strong></span> <span class='ocrx_word' id='word_1_189' title='bbox 966 2451 996 2503; x_wconf 76' lang='lat' dir='ltr'><strong>dx</strong></span> <span class='ocrx_word' id='word_1_190' title='bbox 1014 2445 1079 2508; x_wconf 77' lang='grc' dir='ltr'><strong>Διός</strong></span> <span class='ocrx_word' id='word_1_191' title='bbox 1096 2448 1166 2503; x_wconf 71' lang='grc' dir='ltr'><em>ἔστιν</em></span> <span class='ocrx_word' id='word_1_192' title='bbox 1180 2476 1217 2491; x_wconf 66' lang='grc' dir='ltr'><strong>ν-</strong></span> <span class='ocrx_word' id='word_1_193' title='bbox 1264 2492 1266 2497; x_wconf 80' lang='grc'>,</span> 
     </span>
     <span class='ocr_line' id='line_1_23' title="bbox 348 2513 1153 2587; baseline -0.002 -18"><span class='ocrx_word' id='word_1_194' title='bbox 348 2534 379 2575; x_wconf 85' lang='grc' dir='ltr'><strong>ος</strong></span> <span class='ocrx_word' id='word_1_195' title='bbox 393 2514 422 2569; x_wconf 86' lang='grc' dir='ltr'><strong>κ’</strong></span> <span class='ocrx_word' id='word_1_196' title='bbox 443 2518 526 2584; x_wconf 79' lang='grc' dir='ltr'><em>εἴποι,</em></span> <span class='ocrx_word' id='word_1_197' title='bbox 547 2513 571 2584; x_wconf 84' lang='grc' dir='ltr'><strong>ὅ,</strong></span> <span class='ocrx_word' id='word_1_198' title='bbox 590 2536 615 2570; x_wconf 83' lang='grc' dir='ltr'><strong>τι</strong></span> <span class='ocrx_word' id='word_1_199' title='bbox 632 2513 732 2573; x_wconf 82' lang='grc' dir='ltr'><em>τόσσον</em></span> <span class='ocrx_word' id='word_1_200' title='bbox 749 2516 870 2587; x_wconf 65' lang='grc' dir='ltr'><em>ἐχώσατο</em></span> <span class='ocrx_word' id='word_1_201' title='bbox 889 2522 992 2587; x_wconf 78' lang='grc' dir='ltr'><em>Φοῖβος</em></span> <span class='ocrx_word' id='word_1_202' title='bbox 1006 2513 1153 2573; x_wconf 73' lang='grc' dir='ltr'><strong>Ἀπόλλων.</strong></span> 
     </span>
    </p>
   </div>
   <div class='ocr_carea' id='block_1_8' title="bbox 260 2614 533 2717">
    <p class='ocr_par' dir='ltr' id='par_1_8' title="bbox 260 2614 533 2717">
     <span class='ocr_line' id='line_1_24' title="bbox 260 2614 533 2717; baseline -0.004 -18"><span class='ocrx_word' id='word_1_203' title='bbox 260 2614 297 2699; x_wconf 81' lang='lat' dir='ltr'><strong>Si</strong></span> <span class='ocrx_word' id='word_1_204' title='bbox 320 2658 398 2699; x_wconf 87' lang='lat' dir='ltr'><strong>nunc</strong></span> <span class='ocrx_word' id='word_1_205' title='bbox 419 2642 533 2717; x_wconf 79' lang='lat' dir='ltr'><strong>pergit:</strong></span> 
     </span>
    </p>
   </div>
   <div class='ocr_carea' id='block_1_9' title="bbox 275 2764 1151 2844">
    <p class='ocr_par' dir='ltr' id='par_1_9' title="bbox 275 2764 1151 2844">
     <span class='ocr_line' id='line_1_25' title="bbox 275 2764 1151 2844; baseline 0.011 -25"><span class='ocrx_word' id='word_1_206' title='bbox 275 2784 287 2806; x_wconf 74' lang='lat'><strong><em>⁴</em></strong></span> <span class='ocrx_word' id='word_1_207' title='bbox 352 2765 401 2824; x_wconf 70' lang='grc' dir='ltr'><strong>εἴτ’</strong></span> <span class='ocrx_word' id='word_1_208' title='bbox 424 2764 472 2843; x_wconf 66' lang='grc' dir='ltr'><strong>ἄρ’</strong></span> <span class='ocrx_word' id='word_1_209' title='bbox 495 2766 542 2840; x_wconf 80' lang='grc' dir='ltr'><strong>ὅγ’</strong></span> <span class='ocrx_word' id='word_1_210' title='bbox 564 2768 684 2840; x_wconf 69' lang='grc' dir='ltr'><em>εὐχωλῆς</em></span> <span class='ocrx_word' id='word_1_211' title='bbox 703 2770 970 2843; x_wconf 70' lang='grc' dir='ltr'><strong>ἔπεμέμφεεαι,ἐῖθ’</strong></span> <span class='ocrx_word' id='word_1_212' title='bbox 992 2768 1151 2844; x_wconf 72' lang='grc' dir='ltr'><em>ἑκατόμβης,</em></span> 
     </span>
    </p>
   </div>
   <div class='ocr_carea' id='block_1_10' title="bbox 239 2890 1312 4141">
    <p class='ocr_par' dir='ltr' id='par_1_10' title="bbox 239 2890 1312 4141">
     <span class='ocr_line' id='line_1_26' title="bbox 259 2890 1311 2972; baseline 0.004 -19"><span class='ocrx_word' id='word_1_213' title='bbox 259 2891 348 2953; x_wconf 76' lang='lat' dir='ltr'><strong>facile</strong></span> <span class='ocrx_word' id='word_1_214' title='bbox 368 2901 507 2970; x_wconf 87' lang='lat' dir='ltr'><strong>apparet,</strong></span> <span class='ocrx_word' id='word_1_215' title='bbox 530 2890 586 2952; x_wconf 83' lang='lat' dir='ltr'><strong>lroe</strong></span> <span class='ocrx_word' id='word_1_216' title='bbox 606 2892 683 2954; x_wconf 80' lang='lat' dir='ltr'><strong>niluil</strong></span> <span class='ocrx_word' id='word_1_217' title='bbox 706 2914 772 2953; x_wconf 87' lang='lat' dir='ltr'><strong>ease</strong></span> <span class='ocrx_word' id='word_1_218' title='bbox 792 2896 877 2966; x_wconf 89' lang='lat' dir='ltr'><strong>novi,</strong></span> <span class='ocrx_word' id='word_1_219' title='bbox 900 2895 953 2955; x_wconf 88' lang='lat' dir='ltr'><strong>sed</strong></span> <span class='ocrx_word' id='word_1_220' title='bbox 976 2898 1071 2971; x_wconf 87' lang='lat' dir='ltr'><strong>potius</strong></span> <span class='ocrx_word' id='word_1_221' title='bbox 1093 2916 1133 2955; x_wconf 85' lang='lat' dir='ltr'><strong>ex</strong></span> <span class='ocrx_word' id='word_1_222' title='bbox 1153 2914 1205 2972; x_wconf 90' lang='lat' dir='ltr'><strong>eo,</strong></span> <span class='ocrx_word' id='word_1_223' title='bbox 1228 2896 1311 2971; x_wconf 87' lang='lat' dir='ltr'><strong>quod</strong></span> 
     </span>
     <span class='ocr_line' id='line_1_27' title="bbox 260 2977 1312 3055; baseline 0.003 -18"><span class='ocrx_word' id='word_1_224' title='bbox 260 2980 368 3037; x_wconf 87' lang='lat' dir='ltr'><strong>iratum</strong></span> <span class='ocrx_word' id='word_1_225' title='bbox 391 2977 439 3037; x_wconf 92' lang='lat' dir='ltr'><strong>dei</strong></span> <span class='ocrx_word' id='word_1_226' title='bbox 459 2998 571 3037; x_wconf 89' lang='lat' dir='ltr'><strong>numen</strong></span> <span class='ocrx_word' id='word_1_227' title='bbox 594 2978 687 3037; x_wconf 87' lang='lat' dir='ltr'><strong>fnisse</strong></span> <span class='ocrx_word' id='word_1_228' title='bbox 709 2978 829 3053; x_wconf 89' lang='lat' dir='ltr'><strong>dicitur,</strong></span> <span class='ocrx_word' id='word_1_229' title='bbox 851 2977 953 3039; x_wconf 85' lang='lat' dir='ltr'><strong>deduci</strong></span> <span class='ocrx_word' id='word_1_230' title='bbox 976 2980 1023 3055; x_wconf 89' lang='lat' dir='ltr'><strong>id,</strong></span> <span class='ocrx_word' id='word_1_231' title='bbox 1044 2980 1124 3054; x_wconf 89' lang='lat' dir='ltr'><strong>qnod</strong></span> <span class='ocrx_word' id='word_1_232' title='bbox 1145 2979 1312 3040; x_wconf 82' lang='lat' dir='ltr'><strong>declaratur</strong></span> 
     </span>
     <span class='ocr_line' id='line_1_28' title="bbox 261 3056 1310 3163; baseline 0.002 -38"><span class='ocrx_word' id='word_1_233' title='bbox 261 3056 328 3163; x_wconf 69' lang='grc' dir='ltr'><strong>ἄρα</strong></span> <span class='ocrx_word' id='word_1_234' title='bbox 349 3062 500 3136; x_wconf 84' lang='lat' dir='ltr'><strong>particula.</strong></span> <span class='ocrx_word' id='word_1_235' title='bbox 542 3059 695 3120; x_wconf 89' lang='lat' dir='ltr'><strong>Dividitur</strong></span> <span class='ocrx_word' id='word_1_236' title='bbox 717 3063 796 3120; x_wconf 89' lang='lat' dir='ltr'><strong>enim</strong></span> <span class='ocrx_word' id='word_1_237' title='bbox 816 3081 917 3124; x_wconf 79' lang='lat' dir='ltr'><strong>caussa</strong></span> <span class='ocrx_word' id='word_1_238' title='bbox 939 3065 1001 3122; x_wconf 88' lang='lat' dir='ltr'><strong>irae</strong></span> <span class='ocrx_word' id='word_1_239' title='bbox 1022 3062 1177 3137; x_wconf 83' lang='lat' dir='ltr'><strong>Apollinis</strong></span> <span class='ocrx_word' id='word_1_240' title='bbox 1199 3060 1251 3135; x_wconf 80' lang='grc' dir='ltr'>(δ’,</span> <span class='ocrx_word' id='word_1_241' title='bbox 1273 3084 1310 3127; x_wconf 83' lang='grc' dir='ltr'><strong>τι</strong></span> 
     </span>
     <span class='ocr_line' id='line_1_29' title="bbox 259 3136 1310 3223; baseline -0.002 -15"><span class='ocrx_word' id='word_1_242' title='bbox 259 3164 381 3208; x_wconf 76' lang='grc' dir='ltr'><em>τοσσον</em></span> <span class='ocrx_word' id='word_1_243' title='bbox 401 3138 548 3222; x_wconf 72' lang='grc' dir='ltr'><em>ἐχώσατο</em></span> <span class='ocrx_word' id='word_1_244' title='bbox 572 3144 699 3223; x_wconf 79' lang='grc' dir='ltr'><em>Φοῖβος</em></span> <span class='ocrx_word' id='word_1_245' title='bbox 716 3136 910 3219; x_wconf 81' lang='grc' dir='ltr'><strong>Ἀπόλλων)</strong></span> <span class='ocrx_word' id='word_1_246' title='bbox 935 3146 1087 3221; x_wconf 87' lang='lat' dir='ltr'><strong>dupliciter</strong></span> <span class='ocrx_word' id='word_1_247' title='bbox 1107 3149 1165 3223; x_wconf 86' lang='lat' dir='ltr'><strong>itu,</strong></span> <span class='ocrx_word' id='word_1_248' title='bbox 1191 3157 1224 3205; x_wconf 89' lang='lat' dir='ltr'><strong>ut</strong></span> <span class='ocrx_word' id='word_1_249' title='bbox 1245 3150 1310 3206; x_wconf 82' lang='lat' dir='ltr'><strong>iaus</strong></span> 
     </span>
     <span class='ocr_line' id='line_1_30' title="bbox 261 3228 1310 3309; baseline 0.002 -22"><span class='ocrx_word' id='word_1_250' title='bbox 261 3237 419 3303; x_wconf 84' lang='lat' dir='ltr'><strong>quaeratur</strong></span> <span class='ocrx_word' id='word_1_251' title='bbox 437 3236 632 3287; x_wconf 73' lang='lat' dir='ltr'><strong>mmceaseatne</strong></span> <span class='ocrx_word' id='word_1_252' title='bbox 649 3228 697 3286; x_wconf 79' lang='lat' dir='ltr'><strong>ille</strong></span> <span class='ocrx_word' id='word_1_253' title='bbox 715 3228 748 3285; x_wconf 83' lang='lat' dir='ltr'><strong>eb</strong></span> <span class='ocrx_word' id='word_1_254' title='bbox 766 3236 863 3287; x_wconf 80' lang='lat' dir='ltr'><strong>ectum</strong></span> <span class='ocrx_word' id='word_1_255' title='bbox 882 3249 920 3288; x_wconf 80' lang='grc' dir='ltr'><strong>σο</strong></span> <span class='ocrx_word' id='word_1_256' title='bbox 935 3230 968 3288; x_wconf 82' lang='lat' dir='ltr'><strong>ol</strong></span> <span class='ocrx_word' id='word_1_257' title='bbox 981 3228 1164 3303; x_wconf 66' lang='lat' dir='ltr'><strong>sucrificium.</strong></span> <span class='ocrx_word' id='word_1_258' title='bbox 1204 3228 1310 3309; x_wconf 83' lang='lat' dir='ltr'><strong>Quom</strong></span> 
     </span>
     <span class='ocr_line' id='line_1_31' title="bbox 257 3308 1310 3389; baseline 0.005 -19"><span class='ocrx_word' id='word_1_259' title='bbox 257 3310 352 3388; x_wconf 75' lang='lat' dir='ltr'><strong>igitur</strong></span> <span class='ocrx_word' id='word_1_260' title='bbox 371 3309 444 3370; x_wconf 83' lang='lat' dir='ltr'><strong>haec</strong></span> <span class='ocrx_word' id='word_1_261' title='bbox 460 3314 505 3370; x_wconf 89' lang='lat' dir='ltr'><strong>rei</strong></span> <span class='ocrx_word' id='word_1_262' title='bbox 528 3310 637 3371; x_wconf 82' lang='lat' dir='ltr'><strong>divisio</strong></span> <span class='ocrx_word' id='word_1_263' title='bbox 657 3312 803 3384; x_wconf 85' lang='lat' dir='ltr'><strong>pertineat</strong></span> <span class='ocrx_word' id='word_1_264' title='bbox 824 3311 861 3370; x_wconf 88' lang='lat' dir='ltr'><strong>ad</strong></span> <span class='ocrx_word' id='word_1_265' title='bbox 880 3312 964 3388; x_wconf 89' lang='lat' dir='ltr'><strong>illud,</strong></span> <span class='ocrx_word' id='word_1_266' title='bbox 986 3308 1066 3387; x_wconf 83' lang='lat' dir='ltr'><strong>quod</strong></span> <span class='ocrx_word' id='word_1_267' title='bbox 1087 3332 1175 3389; x_wconf 83' lang='lat' dir='ltr'><strong>cupra</strong></span> <span class='ocrx_word' id='word_1_268' title='bbox 1197 3312 1310 3375; x_wconf 87' lang='lat' dir='ltr'><strong>dictum</strong></span> 
     </span>
     <span class='ocr_line' id='line_1_32' title="bbox 250 3390 1310 3480; baseline 0.005 -27"><span class='ocrx_word' id='word_1_269' title='bbox 250 3403 334 3467; x_wconf 80' lang='lat' dir='ltr'><strong>erat,</strong></span> <span class='ocrx_word' id='word_1_270' title='bbox 356 3401 478 3468; x_wconf 84' lang='lat' dir='ltr'><strong>apparet</strong></span> <span class='ocrx_word' id='word_1_271' title='bbox 500 3415 588 3469; x_wconf 69' lang='grc' dir='ltr'><strong>φησι</strong></span> <span class='ocrx_word' id='word_1_272' title='bbox 607 3396 671 3453; x_wconf 83' lang='lat' dir='ltr'><strong>vim</strong></span> <span class='ocrx_word' id='word_1_273' title='bbox 693 3392 799 3453; x_wconf 84' lang='lat' dir='ltr'><strong>hebeat</strong></span> <span class='ocrx_word' id='word_1_274' title='bbox 817 3396 958 3470; x_wconf 82' lang='lat' dir='ltr'><strong>particula</strong></span> <span class='ocrx_word' id='word_1_275' title='bbox 979 3390 1055 3480; x_wconf 81' lang='grc' dir='ltr'><em>ἄρα,</em></span> <span class='ocrx_word' id='word_1_276' title='bbox 1077 3417 1152 3473; x_wconf 82' lang='lat' dir='ltr'><strong>quae</strong></span> <span class='ocrx_word' id='word_1_277' title='bbox 1165 3399 1253 3456; x_wconf 86' lang='lat' dir='ltr'><strong>etiam</strong></span> <span class='ocrx_word' id='word_1_278' title='bbox 1266 3400 1310 3458; x_wconf 84' lang='lat' dir='ltr'><strong>ab</strong></span> 
     </span>
     <span class='ocr_line' id='line_1_33' title="bbox 259 3476 1309 3559; baseline 0.003 -21"><span class='ocrx_word' id='word_1_279' title='bbox 259 3476 380 3559; x_wconf 75' lang='lat' dir='ltr'><strong>Atticis</strong></span> <span class='ocrx_word' id='word_1_280' title='bbox 391 3478 592 3554; x_wconf 74' lang='lat' dir='ltr'><strong>scriptoribus,</strong></span> <span class='ocrx_word' id='word_1_281' title='bbox 614 3479 664 3535; x_wconf 91' lang='lat' dir='ltr'><strong>nbi</strong></span> <span class='ocrx_word' id='word_1_282' title='bbox 683 3477 811 3536; x_wconf 88' lang='lat' dir='ltr'><strong>inillam</strong></span> <span class='ocrx_word' id='word_1_283' title='bbox 823 3498 898 3555; x_wconf 85' lang='lat' dir='ltr'><strong>rem,</strong></span> <span class='ocrx_word' id='word_1_284' title='bbox 920 3498 994 3555; x_wconf 86' lang='lat' dir='ltr'><strong>quaa</strong></span> <span class='ocrx_word' id='word_1_285' title='bbox 1006 3483 1143 3540; x_wconf 85' lang='lat' dir='ltr'><strong>universa</strong></span> <span class='ocrx_word' id='word_1_286' title='bbox 1159 3480 1309 3542; x_wconf 80' lang='lat' dir='ltr'><strong>declarata</strong></span> 
     </span>
     <span class='ocr_line' id='line_1_34' title="bbox 260 3563 1309 3642; baseline -0.001 -19"><span class='ocrx_word' id='word_1_287' title='bbox 260 3571 337 3638; x_wconf 84' lang='lat' dir='ltr'><strong>erat,</strong></span> <span class='ocrx_word' id='word_1_288' title='bbox 367 3564 526 3621; x_wconf 79' lang='lat' dir='ltr'><strong>accuratius</strong></span> <span class='ocrx_word' id='word_1_289' title='bbox 548 3564 592 3620; x_wconf 84' lang='lat' dir='ltr'><strong>ita</strong></span> <span class='ocrx_word' id='word_1_290' title='bbox 620 3563 799 3639; x_wconf 87' lang='lat' dir='ltr'><strong>inquiritur,</strong></span> <span class='ocrx_word' id='word_1_291' title='bbox 827 3571 859 3620; x_wconf 86' lang='lat' dir='ltr'><strong>ut</strong></span> <span class='ocrx_word' id='word_1_292' title='bbox 884 3565 944 3621; x_wconf 88' lang='lat' dir='ltr'><strong>iam</strong></span> <span class='ocrx_word' id='word_1_293' title='bbox 969 3572 1067 3639; x_wconf 87' lang='lat' dir='ltr'><strong>partes</strong></span> <span class='ocrx_word' id='word_1_294' title='bbox 1090 3567 1154 3624; x_wconf 88' lang='lat' dir='ltr'><strong>eius</strong></span> <span class='ocrx_word' id='word_1_295' title='bbox 1177 3574 1309 3642; x_wconf 80' lang='lat' dir='ltr'><strong>spectes,</strong></span> 
     </span>
     <span class='ocr_line' id='line_1_35' title="bbox 260 3644 1308 3724; baseline 0.002 -18"><span class='ocrx_word' id='word_1_296' title='bbox 260 3666 349 3720; x_wconf 85' lang='lat' dir='ltr'><strong>saepe</strong></span> <span class='ocrx_word' id='word_1_297' title='bbox 376 3655 514 3721; x_wconf 82' lang='lat' dir='ltr'><strong>usurpata</strong></span> <span class='ocrx_word' id='word_1_298' title='bbox 543 3654 606 3719; x_wconf 83' lang='lat' dir='ltr'><strong>est,</strong></span> <span class='ocrx_word' id='word_1_299' title='bbox 643 3654 672 3703; x_wconf 91' lang='lat' dir='ltr'><strong>et</strong></span> <span class='ocrx_word' id='word_1_300' title='bbox 699 3647 732 3704; x_wconf 91' lang='lat' dir='ltr'><strong>in</strong></span> <span class='ocrx_word' id='word_1_301' title='bbox 759 3644 807 3706; x_wconf 79' lang='lat' dir='ltr'><strong>luis</strong></span> <span class='ocrx_word' id='word_1_302' title='bbox 835 3646 905 3705; x_wconf 89' lang='lat' dir='ltr'><strong>locis</strong></span> <span class='ocrx_word' id='word_1_303' title='bbox 932 3666 985 3723; x_wconf 87' lang='lat' dir='ltr'><strong>per</strong></span> <span class='ocrx_word' id='word_1_304' title='bbox 1012 3647 1185 3722; x_wconf 84' lang='lat' dir='ltr'><strong>particulam</strong></span> <span class='ocrx_word' id='word_1_305' title='bbox 1214 3654 1308 3724; x_wconf 80' lang='lat' dir='ltr'><strong>ipitns·</strong></span> 
     </span>
     <span class='ocr_line' id='line_1_36' title="bbox 258 3727 1307 3806; baseline 0.001 -17"><span class='ocrx_word' id='word_1_306' title='bbox 258 3730 342 3791; x_wconf 89' lang='lat' dir='ltr'><strong>reddi</strong></span> <span class='ocrx_word' id='word_1_307' title='bbox 366 3737 472 3805; x_wconf 84' lang='lat' dir='ltr'><strong>potest,</strong></span> <span class='ocrx_word' id='word_1_308' title='bbox 486 3731 547 3788; x_wconf 82' lang='lat' dir='ltr'><strong>etsi</strong></span> <span class='ocrx_word' id='word_1_309' title='bbox 568 3727 624 3786; x_wconf 83' lang='lat' dir='ltr'><strong>lroc</strong></span> <span class='ocrx_word' id='word_1_310' title='bbox 645 3729 746 3801; x_wconf 91' lang='lat' dir='ltr'><strong>paullo</strong></span> <span class='ocrx_word' id='word_1_311' title='bbox 769 3732 888 3806; x_wconf 76' lang='lat' dir='ltr'><strong>gravius</strong></span> <span class='ocrx_word' id='word_1_312' title='bbox 909 3740 962 3805; x_wconf 85' lang='lat' dir='ltr'><strong>eet,</strong></span> <span class='ocrx_word' id='word_1_313' title='bbox 984 3741 1017 3789; x_wconf 87' lang='lat' dir='ltr'><strong>ut</strong></span> <span class='ocrx_word' id='word_1_314' title='bbox 1036 3740 1133 3791; x_wconf 81' lang='lat' dir='ltr'><strong>vertas</strong></span> <span class='ocrx_word' id='word_1_315' title='bbox 1152 3731 1223 3791; x_wconf 85' lang='lat' dir='ltr'><strong>lraec</strong></span> <span class='ocrx_word' id='word_1_316' title='bbox 1244 3734 1307 3790; x_wconf 76' lang='lat' dir='ltr'><strong>itu:</strong></span> 
     </span>
     <span class='ocr_line' id='line_1_37' title="bbox 261 3808 1304 3892; baseline 0.002 -21"><span class='ocrx_word' id='word_1_317' title='bbox 261 3816 317 3884; x_wconf 74' lang='lat' dir='ltr'><strong>Qui</strong></span> <span class='ocrx_word' id='word_1_318' title='bbox 344 3814 526 3889; x_wconf 80' lang='lat' dir='ltr'><strong>dicat&#39;quam</strong></span> <span class='ocrx_word' id='word_1_319' title='bbox 546 3808 586 3869; x_wconf 65' lang='grc' dir='ltr'><strong>σο</strong></span> <span class='ocrx_word' id='word_1_320' title='bbox 602 3830 661 3869; x_wconf 80' lang='lat' dir='ltr'><strong>rem</strong></span> <span class='ocrx_word' id='word_1_321' title='bbox 684 3820 794 3873; x_wconf 78' lang='lat' dir='ltr'><strong>tonterm</strong></span> <span class='ocrx_word' id='word_1_322' title='bbox 815 3818 907 3874; x_wconf 79' lang='lat' dir='ltr'><strong>iratus</strong></span> <span class='ocrx_word' id='word_1_323' title='bbox 927 3814 1015 3888; x_wconf 67' lang='lat' dir='ltr'><strong>feeerit</strong></span> <span class='ocrx_word' id='word_1_324' title='bbox 1038 3816 1165 3875; x_wconf 65' lang='lat' dir='ltr'><strong>meaos</strong></span> <span class='ocrx_word' id='word_1_325' title='bbox 1185 3816 1304 3892; x_wconf 77' lang='lat' dir='ltr'><strong>Apollo,</strong></span> 
     </span>
     <span class='ocr_line' id='line_1_38' title="bbox 257 3892 1306 3971; baseline 0.002 -16"><span class='ocrx_word' id='word_1_326' title='bbox 257 3906 353 3956; x_wconf 78' lang='lat' dir='ltr'><strong>utmm</strong></span> <span class='ocrx_word' id='word_1_327' title='bbox 376 3900 465 3971; x_wconf 78' lang='lat' dir='ltr'><strong>ipitor</strong></span> <span class='ocrx_word' id='word_1_328' title='bbox 484 3892 536 3952; x_wconf 76' lang='lat' dir='ltr'><strong>ille</strong></span> <span class='ocrx_word' id='word_1_329' title='bbox 555 3894 591 3953; x_wconf 79' lang='lat' dir='ltr'><strong>ol</strong></span> <span class='ocrx_word' id='word_1_330' title='bbox 608 3903 706 3953; x_wconf 79' lang='lat' dir='ltr'><strong>uotum</strong></span> <span class='ocrx_word' id='word_1_331' title='bbox 731 3917 769 3956; x_wconf 82' lang='lat' dir='ltr'><strong>on</strong></span> <span class='ocrx_word' id='word_1_332' title='bbox 790 3898 823 3956; x_wconf 81' lang='lat' dir='ltr'><strong>el</strong></span> <span class='ocrx_word' id='word_1_333' title='bbox 844 3898 1024 3963; x_wconf 68' lang='lat' dir='ltr'><strong>tenoemteo</strong></span> <span class='ocrx_word' id='word_1_334' title='bbox 1040 3907 1211 3958; x_wconf 64' lang='lat' dir='ltr'><strong>anement.</strong></span> <span class='ocrx_word' id='word_1_335' title='bbox 1253 3896 1306 3957; x_wconf 82' lang='lat' dir='ltr'><strong>lta</strong></span> 
     </span>
     <span class='ocr_line' id='line_1_39' title="bbox 258 3971 1306 4065; baseline 0.002 -26"><span class='ocrx_word' id='word_1_336' title='bbox 258 3987 303 4041; x_wconf 83' lang='lat' dir='ltr'><strong>est</strong></span> <span class='ocrx_word' id='word_1_337' title='bbox 324 3971 390 4065; x_wconf 77' lang='grc' dir='ltr'><strong>ἄρα</strong></span> <span class='ocrx_word' id='word_1_338' title='bbox 411 3980 498 4038; x_wconf 87' lang='lat' dir='ltr'><strong>etiem</strong></span> <span class='ocrx_word' id='word_1_339' title='bbox 520 3974 575 4037; x_wconf 84' lang='lat' dir='ltr'><strong>hoc</strong></span> <span class='ocrx_word' id='word_1_340' title='bbox 591 3978 656 4037; x_wconf 86' lang='lat' dir='ltr'><strong>loeo</strong></span> <span class='ocrx_word' id='word_1_341' title='bbox 675 3973 755 4038; x_wconf 77' lang='lat' dir='ltr'><strong>&#39;nihil</strong></span> <span class='ocrx_word' id='word_1_342' title='bbox 779 3982 839 4041; x_wconf 89' lang='lat' dir='ltr'><strong>nisi</strong></span> <span class='ocrx_word' id='word_1_343' title='bbox 856 3982 940 4040; x_wconf 80' lang='lat' dir='ltr'><strong>relus</strong></span> <span class='ocrx_word' id='word_1_344' title='bbox 959 3986 1002 4041; x_wconf 82' lang='lat' dir='ltr'><strong>ito</strong></span> <span class='ocrx_word' id='word_1_345' title='bbox 1025 3987 1208 4059; x_wconf 76' lang='lat' dir='ltr'><strong>reeuperatis.</strong></span> <span class='ocrx_word' id='word_1_346' title='bbox 1247 3978 1306 4041; x_wconf 72' lang='lat' dir='ltr'><strong>sic</strong></span> 
     </span>
     <span class='ocr_line' id='line_1_40' title="bbox 239 4064 1108 4141; baseline 0.001 -18"><span class='ocrx_word' id='word_1_347' title='bbox 239 4066 347 4123; x_wconf 88' lang='lat' dir='ltr'><strong>·etiam</strong></span> <span class='ocrx_word' id='word_1_348' title='bbox 369 4082 400 4123; x_wconf 89' lang='lat' dir='ltr'><strong>v.</strong></span> <span class='ocrx_word' id='word_1_349' title='bbox 422 4068 486 4139; x_wconf 75' lang='lat' dir='ltr'><strong>aa,</strong></span> <span class='ocrx_word' id='word_1_350' title='bbox 509 4064 561 4123; x_wconf 89' lang='lat' dir='ltr'><strong>nbi</strong></span> <span class='ocrx_word' id='word_1_351' title='bbox 584 4065 743 4123; x_wconf 86' lang='lat' dir='ltr'><strong>notissuma</strong></span> <span class='ocrx_word' id='word_1_352' title='bbox 762 4064 815 4141; x_wconf 85' lang='lat' dir='ltr'><strong>illa</strong></span> <span class='ocrx_word' id='word_1_353' title='bbox 838 4064 965 4124; x_wconf 80' lang='lat' dir='ltr'><strong>formula</strong></span> <span class='ocrx_word' id='word_1_354' title='bbox 987 4064 1108 4125; x_wconf 76' lang='lat' dir='ltr'><strong>dicitnr:</strong></span> 
     </span>
    </p>
   </div>
   <div class='ocr_carea' id='block_1_11' title="bbox 259 4170 1308 4362">
    <p class='ocr_par' dir='ltr' id='par_1_11' title="bbox 259 4170 1308 4362">
     <span class='ocr_line' id='line_1_41' title="bbox 384 4170 1058 4253; baseline 0.004 -23"><span class='ocrx_word' id='word_1_355' title='bbox 384 4230 389 4237; x_wconf 84' lang='grc'>,</span> <span class='ocrx_word' id='word_1_356' title='bbox 501 4171 583 4232; x_wconf 79' lang='grc' dir='ltr'><strong>Ἤτοι</strong></span> <span class='ocrx_word' id='word_1_357' title='bbox 599 4173 644 4247; x_wconf 81' lang='lat' dir='ltr'><strong>dy‘</strong></span> <span class='ocrx_word' id='word_1_358' title='bbox 661 4171 700 4239; x_wconf 74' lang='grc' dir='ltr'><strong>ὣς</strong></span> <span class='ocrx_word' id='word_1_359' title='bbox 716 4173 803 4233; x_wconf 75' lang='lat' dir='ltr'><strong>elnoir</strong></span> <span class='ocrx_word' id='word_1_360' title='bbox 821 4175 881 4234; x_wconf 82' lang='grc' dir='ltr'><em>κατ’</em></span> <span class='ocrx_word' id='word_1_361' title='bbox 904 4170 952 4253; x_wconf 70' lang='grc' dir='ltr'><strong>ἄρ’</strong></span> <span class='ocrx_word' id='word_1_362' title='bbox 975 4176 1058 4241; x_wconf 70' lang='grc' dir='ltr'><em>ἕζετο.</em></span> 
     </span>
     <span class='ocr_line' id='line_1_42' title="bbox 259 4282 1308 4362; baseline 0.006 -24"><span class='ocrx_word' id='word_1_363' title='bbox 259 4286 396 4350; x_wconf 69' lang='lat' dir='ltr'><strong>usurpata</strong></span> <span class='ocrx_word' id='word_1_364' title='bbox 415 4282 557 4355; x_wconf 76' lang='lat' dir='ltr'><strong>particula</strong></span> <span class='ocrx_word' id='word_1_365' title='bbox 575 4289 631 4356; x_wconf 81' lang='lat' dir='ltr'><strong>est,</strong></span> <span class='ocrx_word' id='word_1_366' title='bbox 650 4292 683 4343; x_wconf 87' lang='lat' dir='ltr'><strong>nt</strong></span> <span class='ocrx_word' id='word_1_367' title='bbox 701 4282 848 4362; x_wconf 77' lang='lat' dir='ltr'><strong>significet</strong></span> <span class='ocrx_word' id='word_1_368' title='bbox 867 4282 922 4347; x_wconf 84' lang='lat' dir='ltr'><strong>lroc</strong></span> <span class='ocrx_word' id='word_1_369' title='bbox 944 4285 986 4347; x_wconf 82' lang='lat' dir='ltr'><strong>ita</strong></span> <span class='ocrx_word' id='word_1_370' title='bbox 1006 4282 1072 4349; x_wconf 78' lang='lat' dir='ltr'><strong>fieri</strong></span> <span class='ocrx_word' id='word_1_371' title='bbox 1092 4303 1192 4345; x_wconf 83' lang='lat' dir='ltr'><strong>rernm</strong></span> <span class='ocrx_word' id='word_1_372' title='bbox 1211 4286 1308 4344; x_wconf 74' lang='lat' dir='ltr'><strong>stetui</strong></span> 
     </span>
    </p>
   </div>
   <div class='ocr_carea' id='block_1_12' title="bbox 0 0 1430 4842">
    <p class='ocr_par' dir='ltr' id='par_1_12' title="bbox 0 0 1430 4842">
     <span class='ocr_line' id='line_1_43' title="bbox 0 0 1430 4842; baseline 0 6"><span class='ocrx_word' id='word_1_373' title='bbox 0 0 1430 4842; x_wconf 95' lang='lat' dir='ltr'><strong> </strong></span> 
     </span>
    </p>
   </div>
  </div>
 </body>
</html>
