2850 4842
194 387 457 477 ‚som
575 344 873 460 sarta·

175 602 180 612 ·
270 560 418 636 reliquant
438 559 592 621 verborum
613 559 856 620 constructionem
874 559 1061 618 constitutum
1076 565 1130 619 est.
1172 554 1214 617 Et
1228 577 1327 633 quom

270 648 399 721 primunr
419 663 474 719 per
495 664 528 705 ae
549 646 731 720 signiticaret
749 644 829 703 αιἰιιιλ
850 653 899 702 aut
916 645 978 703 otio
994 648 1114 713 ratione,
1134 662 1207 699 mox
1222 652 1324 701 tamen

273 730 310 788 ad
328 731 561 803 -comparativam
590 726 763 803 particulam
788 730 830 785 ita
858 720 981 787 tr‘aetum
1011 737 1071 802 est,
1098 734 1130 783 nt
1155 724 1235 785 nihil
1254 726 1328 785 iere

274 815 334 872 nisi
360 816 545 888 praeparatio
572 813 796 887 comparationis
821 814 869 869 sit.
912 810 1009 869 litium
1035 814 1067 869 iu
1093 808 1229 870 Isocratis
1253 810 1327 869 loco

209 936 216 947 ·
276 906 349 957 orat.
376 898 415 955 ιιδ
439 898 582 955 Nicoclem
611 902 640 969 §.
663 904 713 955 32.
742 895 788 955 ed.
815 893 912 955 Bett.
941 917 972 969 p.
996 903 1047 953 21.
1075 894 1121 953 ed.
1148 892 1190 951 H.
1213 892 1325 967 Steph-

275 978 335 1063 τὴν
377 974 462 1061 (τὴν
500 974 602 1063 καλὴν
643 974 767 1055 δόξαν)
809 970 838 1042 ‹t'
879 969 937 1056 oriz
978 968 1051 1041 οἷον
1088 998 1143 1047 τε,
1187 968 1256 1039 ἀλλ’
1298 966 1326 1058 ἢ

275 1058 355 1137 τοὺς
375 1056 601 1143 διενεγκόντας
617 1056 839 1147 ’κτήσασιλαιη
861 1084 947 1136 quem
969 1065 1029 1121 iam
1050 1060 1197 1121 Devarins
1217 1082 1247 1135 p.
1270 1062 1327 1119 15.

276 1148 420 1219 tractavit,
437 1167 499 1204 non
513 1146 605 1206 debet
625 1146 775 1205 offendere
796 1147 869 1205 iilud
892 1136 961 1207 ἀλλ’
976 1138 1008 1230 ἤ,
1033 1166 1156 1220 proquo
1170 1142 1328 1217 Isocrates,

277 1234 304 1292 si
331 1232 426 1306 magis
450 1228 526 1289 hanc
545 1230 694 1290 notionem
714 1252 770 1305 per
791 1252 821 1290 se
844 1240 976 1289 constare
998 1231 1150 1303 voluisset,
1180 1230 1330 1302 potuisset

278 1317 405 1375 scribere
433 1324 483 1373 aut
512 1306 613 1377 δι’λλον
639 1306 661 1397 ἢ
687 1324 737 1373 aut
763 1318 851 1374 etiam
879 1304 1002 1389 ἄλλους
1024 1303 1055 1397 ἤ.
1099 1311 1330 1386 sedquoniam

278 1420 341 1459 non
368 1407 427 1457 tant
452 1418 626 1474 personam,
657 1419 745 1474 quam
775 1398 970 1457 adverbiaiem
997 1399 1056 1455 rim
1079 1396 1147 1455 ltuic
1165 1396 1228 1455 loco
1253 1416 1330 1455 oon-

280 1502 387 1561 gruere
406 1482 543 1560 putabit,
571 1485 695 1563 scripsit,
711 1474 780 1544 ἀλλ’
806 1473 845 1565 ἤ,
874 1482 955 1539 nulia
977 1484 1035 1540 iant
1058 1486 1169 1539 ratione
1190 1481 1330 1565 reliquae

282 1569 424 1627 orationis
447 1566 556 1626 habita.
604 1566 672 1626 Huc
698 1569 829 1640 pertinet
857 1569 944 1626 etiam
973 1564 1051 1624 lsaei
1078 1567 1155 1626 iocus
1184 1570 1225 1622 Dc
1252 1566 1331 1621 Art-

282 1651 548 1724 assertationis
570 1658 620 1709 12.
639 1650 685 1710 ed.
708 1649 807 1709 Bett.
829 1673 859 1726 p.
882 1656 931 1709 80.
954 1652 1006 1708 sub
1026 1650 1080 1707 ttn.
1099 1648 1145 1707 ed.
1160 1647 1202 1707 H.
1218 1645 1329 1721 Steph.

282 1727 381 1795 Κατὰ
406 1728 463 1794 τὸν
487 1728 605 1812 νόμον,
634 1724 674 1810 ὃς
700 1726 761 1797 οὐκ
784 1729 823 1819 ἑᾷ
844 1736 909 1795 τῶν
927 1735 987 1817 τῆς
1009 1727 1190 1817 ἐπικλήρου
1212 1726 1332 1815 κύριον

284 1808 382 1890 εἶναι,
400 1805 470 1877 ἀλλ’
494 1808 514 1900 ἢ
535 1814 615 1892 coire
635 1816 762 1892 παῖδας
784 1814 842 1881 ἑοὶ
864 1814 968 1891 δίετες
989 1809 1175 1899 ἡβήσαντας
1194 1817 1331 1897 κρατεῖν

283 1899 350 1962 τῶν
373 1892 577 1981 χρημάτων,
606 1904 720 1975 quoin
746 1902 809 1961 ioco
838 1904 892 1960 etsi
919 1901 975 1959 dici
993 1903 1112 1975 potuit:
1141 1891 1181 1973 ὃς
1203 1890 1263 1961 οὐκ
1286 1893 1332 1982 ἐᾷ

285 1982 351 2044 τῶν
379 1982 440 2066 τῆς
465 1977 648 2070 ἐπικλήρου
676 1977 790 2068 κύριον
812 1974 897 2048 εἶναι
922 1972 1036 2053 ittae,
1066 1975 1084 2068 i}
1106 1976 1184 2056 τοὺς
1201 1979 1333 2055 παῖδας

286 2056 371 2142 κτλ,
392 2075 489 2126 tamen
510 2070 679 2128 rectissume
702 2072 840 2143 scriptum
863 2077 923 2128 ests
957 2059 1026 2131 ἀλλ’
1050 2058 1088 2153 ἢ,
1111 2070 1249 2142 quoniam
1271 2063 1333 2123 ltoc

287 2170 406 2226 quoque
428 2149 493 2210 loco
515 2172 577 2211 non
598 2162 657 2213 tam
676 2174 820 2228 persona,
842 2174 929 2227 quam
951 2173 996 2211 res
1019 2154 1152 2233 universa
1173 2159 1332 2225 spectatur,

287 2254 365 2310 quae
397 2239 641 2311 comparationem
676 2239 841 2299 constituat.
895 2234 936 2295 Ut
967 2235 1136 2311 doceamur,
1175 2254 1261 2309 quem
1293 2232 1333 2291 ati

287 2317 407 2377 enodem
435 2340 476 2379 ex
501 2321 561 2380 illis
589 2311 673 2383 δλλλο
701 2313 723 2406 ἢ
752 2330 820 2380 nata
849 2323 887 2380 eit
909 2320 1040 2378 conclusa
1064 2318 1135 2379 liaeo
1156 2319 1332 2377 constructio

289 2393 360 2465 ἄλλ’
385 2392 415 2471 ”,
436 2406 609 2478 aptissnmns
627 2404 744 2464 videtur
762 2405 843 2463 iocus
863 2403 1073 2478 Xenophontis
1095 2425 1158 2463 esse
1179 2406 1331 2461 0ocouottt.

200 2554 205 2563 .
289 2506 355 2558 esp.
378 2425 436 2543 iil.
464 2490 492 2558 §-
524 2494 573 2547 13.
619 2477 704 2550 Οὔτε
732 2481 834 2564 λλλλος
861 2484 1002 2551 πώνεοεέ
1028 2508 1088 2565 μοι
1116 2480 1260 2569 παρέσχε
1287 2478 1335 2546 τὰ

290 2559 412 2631 ἑαυτοῦ
440 2564 591 2645 διοικεῖν,
621 2560 737 2656 ἀλλ’ἢ
767 2566 807 2634 οὺ
832 2572 888 2635 νῦν
916 2567 1047 2645 tostae
1070 2566 1234 2651 παρέχειν.
1243 2612 1251 2641 ,
1278 2570 1333 2643 qui

284 2659 404 2728 ,tantum
426 2652 517 2731 abest,
537 2662 580 2730 nt,
599 2654 677 2730 quod
697 2665 781 2730 putat
798 2654 968 2731 Kruegerue
989 2655 1011 2713 l.
1033 2676 1068 2714 c..
1088 2656 1195 2714 rationi
1217 2662 1335 2712 nostrae

289 2744 447 2812 repugnet,
468 2744 502 2794 ut
521 2740 746 2813 explicationem
769 2750 907 2815 nostram,
928 2738 1013 2797 modo
1038 2749 1114 2798 recte
1134 2738 1333 2812 intellegatur,

291 2838 502 2895 maxumopere
536 2823 708 2883 confirmare
743 2825 891 2885 videatur..
938 2822 982 2883 tbi
1011 2826 1090 2883 euim
1115 2826 1141 2881 si
1168 2823 1335 2897 scripsisset

290 2900 481 2978 Xenophons
515 2896 600 2969 Oiiea
622 2897 724 2982 δὶλλος
744 2902 885 2970 πώποτέ
904 2928 963 2982 μοι
984 2904 1129 2989 παρέσχε
1151 2902 1192 2969 τὰ
1215 2898 1335 2968 ἑαυτοῦ

292 2984 449 3071 διοικεῖν,
482 2978 598 3065 ῖλλλος,
631 2982 652 3077 ἢ
679 2987 721 3054 oti
749 2992 805 3053 νῦν
833 2986 963 3065 ἐθέλεις
991 2987 1166 3073 παρέχειν,
1197 2990 1336 3064 repetitio

291 3071 424 3132 desdam
453 3076 533 3134 vocis
567 3067 669 3150 δλλος
701 3094 771 3135 sane
804 3076 986 3133 incomnmuia
1021 3086 1114 3133 essetz
1148 3073 1224 3133 nihii
1255 3075 1336 3132 enim

293 3174 411 3216 caussae
431 3168 490 3233 est,
513 3178 602 3233 qnam
622 3160 660 3217 ob
682 3168 843 3218 renitente
865 3162 894 3217 vi
911 3159 958 3232 tt,
982 3158 1060 3233 qnod
1081 3161 1140 3217 iam
1159 3176 1336 3232 expressum

293 3248 356 3316 est,
375 3248 534 3316 repetatur.
578 3242 700 3322 Quare
722 3243 795 3302 iliud
817 3238 947 3317 scripsit,
970 3243 1048 3316 quod
1070 3250 1136 3317 post
1156 3242 1209 3301 itte
1229 3240 1336 3301 verba:

294 3320 373 3388 οὔτε
395 3318 495 3401 ἄλλος
514 3318 656 3390 πώποτε
676 3319 760 3403 uzi„
786 3326 881 3385 demto
904 3329 1020 3401 quidem
1042 3336 1125 3401 paret
1147 3336 1272 3385 mentem
1292 3326 1338 3385 lo-

294 3408 392 3481 gentis
424 3406 461 3466 ad
493 3430 578 3486 eant,
611 3432 700 3485 quam
732 3421 774 3470 est
804 3412 954 3486 facturus,
986 3414 1253 3486 comparationem,
1285 3408 1338 3469 soti

294 3501 393 3559 tamen
412 3512 476 3551 rem
497 3498 589 3571 tnagis
608 3499 775 3556 nniversam
798 3498 961 3570 exprimat,
991 3495 1087 3569 quoad
1106 3494 1164 3553 huc
1183 3497 1340 3569 pertineat,

294 3596 358 3635 non
379 3583 438 3635 tam
459 3587 589 3638 accurate
611 3581 721 3640 referat
742 3581 779 3640 ad
800 3601 852 3654 ea,
881 3600 956 3654 quae
976 3592 1042 3637 auto
1063 3574 1224 3655 significata
1245 3589 1337 3637 erant.

184 3725 189 3740 ,
295 3658 338 3721 Et
359 3657 431 3719 heco
458 3664 536 3721 ratio
556 3662 672 3724 dicendi
698 3665 734 3724 ad
761 3666 849 3725 istum
870 3667 968 3738 ipsum
989 3662 1083 3721 iocum
1105 3666 1261 3737 aptissuma
1281 3670 1338 3721 est.

237 3744 245 3753 “
296 3744 357 3805 Sic¹
375 3753 475 3805 manet
499 3748 532 3805 in
560 3733 662 3807 ceteris
691 3750 762 3809 locis
790 3751 923 3807 omnibus
953 3751 998 3806 vis
1023 3748 1104 3806 iiiios
1133 3741 1230 3818 ἄλλο,
1260 3746 1339 3819 qttori

296 3829 369 3889 latet
397 3832 430 3887 in
451 3819 522 3891 ἀλλ’
545 3822 581 3912 ἥ,
608 3831 659 3890 sed
680 3835 802 3891 nonita
825 3843 937 3906 tornea,
966 3830 1091 3891 ethaeo
1115 3852 1176 3889 vox
1201 3840 1340 3903 appareat

296 3914 386 3988 plane
413 3921 443 3972 et
470 3920 574 3972 exstet.
617 3913 652 3975 Si
679 3918 770 3992 igitur
799 3916 834 3974 ad
862 3918 980 3974 verbum
1007 3916 1140 3973 volumus
1163 3914 1215 3972 itta
1235 3912 1340 3973 Xeno·

298 3997 418 4075 phontis
438 3998 529 4057 rerba
550 4003 728 4075 exprimere,
752 4004 793 4059 ita
819 4000 984 4059 debebimus
1009 4000 1213 4073 interpretaris
1241 4001 1339 4073 Neque

298 4084 373 4140 olitis
392 4102 527 4160 umquam
549 4085 619 4143 tuiiti
640 4106 696 4143 suo
716 4084 863 4145 utentia-eit
885 4083 1153 4153 attestatius-trunto,
1178 4082 1235 4141 uiitt
1257 4081 1338 4149 (ιιιιιι

298 4168 347 4237 itt)
377 4186 425 4235 re,
456 4186 542 4243 quom
568 4169 642 4244 quod
668 4179 699 4227 tu
720 4188 794 4227 ιοιηε
814 4174 858 4229 uia
880 4168 1026 4226 tttrtndare.
1070 4166 1121 4226 Sic
1148 4164 1221 4224 ittet
1248 4156 1341 4238 ἄλλο,

299 4255 332 4303 ttt
362 4268 451 4322 saepe
480 4270 601 4311 numero
632 4250 753 4313 huiusce
785 4252 863 4313 modi
895 4251 1196 4326 adiectus-neutrius
1225 4252 1341 4326 geucris
