2850 4842
236 490 300 559 110
729 480 789 553 iis.

237 662 269 724 id
291 661 388 739 potins
409 664 450 721 ite
472 655 626 720 dicendum
649 664 723 734 erat,
746 664 778 717 ut
801 648 842 720 itv
864 652 902 719 ai
923 648 998 736 ὅσα,
1019 672 1081 719 non
1102 656 1291 721 adverbum

237 748 408 825 pertineret,
427 751 634 822 praeterquam
655 742 735 819 quod
755 742 875 801 omnino
893 732 935 804 de
948 763 1013 801 curn
1027 742 1184 805 indicativo
1198 764 1292 819 prae-

238 834 350 908 sentis,
379 838 412 887 ut
436 847 527 903 supra
548 827 779 903 explicavimus,
805 847 866 884 non
888 822 1003 885 videtur
1024 828 1161 904 coniungi
1182 848 1290 901 pesse.

238 913 329 997 Quod
355 920 453 972 antem
473 909 664 971 Hermannus
692 909 799 970 deinde
823 909 926 968 adtulit
944 906 1155 986 Xenophontis
1175 911 1291 987 locum,

238 1000 292 1073 qni
312 997 420 1071 legitur
439 996 472 1054 in
493 996 643 1071 δρομαία
667 1014 732 1068 cap.
754 997 784 1052 4.
805 996 833 1065 9.
856 996 906 1051 37.
933 982 1084 1093 ι’ἱΕγώὶδὲ
1110 988 1198 1058 οὕτω
1223 992 1292 1071 μὲν

238 1074 352 1143 πολλὰ
371 1070 451 1157 ἔχω,
476 1068 522 1152 ὥς
540 1068 640 1156 μόλις
660 1069 746 1139 αὐτὰ
766 1070 823 1137 καί
844 1068 908 1155 ἐγὼ
931 1096 971 1137 αν
994 1072 1097 1151 αυτὸς
1117 1069 1289 1161 εὑρίσκω,

237 1165 265 1222 is
285 1163 391 1239 Ιοαιισ,1
408 1163 498 1221 etiam
518 1160 545 1219 si
564 1179 635 1221 vere
656 1168 700 1219 est
721 1161 878 1235 scriptura,
899 1178 995 1233 neque
1016 1158 1091 1219 illud
1114 1152 1155 1223 iia
1175 1180 1215 1221 ex
1235 1180 1290 1220 se-

238 1248 342 1321 quenti
371 1234 472 1319 αίιτὸς
501 1262 557 1319 per
587 1243 733 1319 quendem
765 1236 1004 1327 διττομραφίαν
1032 1250 1153 1321 natum,
1185 1251 1290 1304 temen

238 1330 395 1405 dupliciter
421 1326 480 1388 hnc
505 1348 566 1387 non
591 1328 728 1402 pertinet.
770 1322 877 1401 Neque
905 1328 984 1387 enim
1003 1318 1151 1409 cicietur
1170 1326 1291 1389 indica-

238 1417 317 1473 tivus
350 1419 411 1487 est,
443 1410 496 1473 aed
523 1412 739 1486 coniunctivus,
765 1430 890 1487 quocum
905 1410 1085 1485 ‘particulam
1111 1401 1150 1471 dv
1175 1413 1220 1471 eie
1245 1414 1291 1485 alr

237 1494 341 1558 Attico
368 1497 508 1570 scriptore
530 1496 666 1569 componi
684 1512 745 1553 non
765 1513 851 1569 posse
871 1512 958 1552 neruo
979 1502 1084 1570 negat,
1112 1512 1227 1571 noque,
1255 1498 1291 1557 si

175 1645 182 1654 ,
238 1580 287 1641 vel
314 1597 452 1637 maxume
474 1575 646 1637 indicativus
666 1583 744 1637 easet
768 1566 926 1661 εὑρίσκω,
956 1578 1163 1652 τίοεκρλίαοιί
1182 1588 1291 1653 pomi

238 1664 337 1739 loeus,
367 1670 401 1721 ut
429 1652 572 1745 εὑρίσκω
594 1663 683 1721 etiam
704 1659 743 1719 ad
761 1659 931 1735 perticulam
955 1652 996 1723 dv
1015 1663 1185 1735 pertineret.
1225 1660 1290 1721 Est

239 1750 319 1807 enim
339 1744 557 1821 pulcherrumus
577 1744 630 1804 ille
649 1745 730 1805 loeus
751 1746 869 1803 omnino
885 1745 925 1804 ita
939 1744 1180 1805 conformandus:
1202 1736 1290 1827 Ἐγὼ

239 1826 278 1894 dd
307 1826 395 1893 οὕτω
422 1824 483 1906 μὲν
511 1823 622 1890 πολλὰ
650 1820 728 1906 ἔχω,
759 1820 805 1903 ὥς
828 1818 928 1907 μόλις
953 1818 1055 1904 circi,
1082 1823 1139 1891 ναί
1158 1822 1222 1910 ἐγὼ
1243 1818 1288 1891 ἂν

199 1911 203 1917 ’
239 1904 351 1988 αὐτός,
373 1902 532 1996 εὑρίσκω·
554 1906 647 1987 ὅμως
667 1907 706 1974 δὲ
726 1903 878 1997 περίεστί
897 1931 958 1987 μοι
971 1906 1028 1973 καί
1042 1906 1193 1974 ἐσθίοντι
1207 1901 1289 1995 &pe

239 1994 299 2058 τοῦ
330 1990 376 2079 μὴ
408 1993 526 2079 πεινῆν
558 1984 747 2078 ἀφικέσθαι
778 1989 835 2057 καί
864 1988 995 2057 πίνοντι
1021 1988 1119 2073 μέχρι
1147 1994 1207 2058 τοῦ
1234 1989 1285 2077 μὴ

240 2076 345 2163 διψῆν
372 2072 429 2141 καί
457 2067 705 2162 ἀμφιέννυσθαι
712 2120 722 2149 ,
752 2070 839 2141 ὥστε
865 2066 929 2152 ἔξω
949 2073 1011 2155 μὲν
1030 2072 1134 2161 μηδὲν
1153 2075 1287 2157 μᾶλλον

238 2154 390 2225 Καλλίου
415 2154 536 2223 τούτου
562 2160 622 2223 τοῦ
644 2152 899 2224 πλουσιωτάτου
920 2154 1033 2243 ῥιγοῦν
1054 2152 1136 2231 κτλ,
1167 2170 1199 2221 nt
1225 2158 1284 2220 lroe

240 2244 365 2304 dicetur:
394 2248 457 2320 Epo
477 2263 544 2303 cero
564 2253 625 2303 tam
645 2244 736 2303 mutto
759 2242 897 2321 possideo,
920 2252 952 2303 ut
974 2248 1026 2303 uia
1046 2244 1090 2315 ιο,
1113 2249 1197 2303 aiunt
1216 2264 1283 2302 curru

238 2329 334 2399 τοίου,
359 2331 517 2397 incenium,
543 2335 638 2385 temen
660 2327 770 2387 alaude
790 2328 859 2385 milti
880 2335 936 2398 eat,
964 2334 1011 2397 ut,
1039 2327 1218 2398 cortedune,
1244 2346 1282 2387 το
1380 2324 1387 2331 ’

238 2415 413 2489 pacasium,
436 2410 611 2485 usquedum
631 2410 759 2468 decinam
780 2414 886 2469 cererin
906 2418 957 2469 eto.
983 2407 1051 2485 [Sic
1073 2412 1152 2471 eninr
1173 2410 1280 2469 dictum

238 2502 285 2553 est
311 2514 365 2569 per
386 2491 531 2567 quandam
555 2492 838 2568 breviloquentiam,
867 2501 901 2551 ut
922 2494 1028 2554 veriat
1061 2490 1118 2558 καί
1145 2487 1209 2573 ἐγὼ
1239 2485 1281 2555 iis

240 2569 357 2652 οὗτός,
381 2584 633 2653 pernoctarent,
654 2576 735 2651 quod
757 2598 811 2655 ego
833 2574 950 2636 Latinis
971 2576 1084 2638 verbio:
1111 2582 1198 2637 etium
1218 2596 1283 2637 eum

238 2660 334 2740 actua,
363 2660 494 2719 imitatas
520 2679 594 2717 aum.
636 2655 688 2720 Sic
714 2663 795 2719 eninr
816 2660 928 2721 locutus
949 2662 1014 2735 ipse
1037 2658 1083 2721 Μ.
1105 2658 1218 2727 Tullius
1238 2669 1284 2721 est

238 2744 273 2802 ie
305 2752 430 2802 αοοιιταλ
461 2742 514 2802 lib.
542 2739 602 2802 lv.
633 2764 696 2819 cap.
723 2748 775 2804 24.
802 2748 831 2819 ς.
859 2746 911 2805 53.
948 2747 1082 2805 Auertere
1111 2744 1220 2823 aliquid
1248 2745 1283 2803 da

238 2825 350 2905 publico
377 2844 463 2904 ριισιιι
491 2827 694 2887 olecurieeurae
721 2846 771 2906 per
799 2833 999 2905 mopietrctum
1022 2828 1166 2889 solebant:
1195 2832 1283 2888 eticae

240 2927 324 2987 φιοιιι
350 2909 460 2987 aliquid
486 2930 507 2969 ο
532 2916 645 2987 privato
669 2930 886 2989 ποηιιιιιιιμιουι,
912 2912 1015 2992 occulte
1041 2912 1207 2985 oufmeluut
1229 2921 1282 2970 ctu.

182 3047 185 3052 .
240 3001 273 3050 ut
298 2996 467 3054 rectissume
494 2993 589 3053 locum
609 2997 759 3055 constituit
779 2990 950 3071 Madvigius
976 3016 1015 3055 ex
1037 2996 1122 3055 libris
1143 2996 1282 3070 optumis.

239 3075 297 3136 Est
317 3080 398 3137 enim
418 3077 456 3137 ed
476 3080 584 3137 verbex
605 3084 691 3139 etiem
704 3086 773 3137 ‘cuae
787 3079 896 3156 aliquid
914 3100 932 3139 ο
948 3084 1060 3157 quiante
1071 3098 1281 3157 ποοιιιιιιρυοιιι,

240 3162 361 3222 obscura
381 3164 557 3237 cogitatione
578 3161 689 3236 aliquid
712 3182 752 3221 ex
774 3162 890 3236 reliqua
911 3163 1041 3223 oratione
1061 3161 1283 3239 adsumendum,

240 3261 300 3320 quo
318 3246 497 3321 compleatur
517 3248 620 3305 oratio.
663 3244 714 3305 Sic
732 3247 823 3323 igitur
841 3247 947 3319 verba3
970 3241 1026 3309 καί
1042 3236 1106 3327 ἐγώ
1119 3237 1159 3309 ἓν
1171 3236 1281 3321 αὐτός,

240 3348 258 3387 e
283 3330 406 3403 reliquie
429 3331 527 3390 verbis
554 3329 717 3403 separanda
743 3339 828 3404 eunt,
858 3339 890 3388 ut
912 3343 966 3405 per
987 3350 1020 3391 se
1043 3337 1193 3405 constent,
1220 3350 1282 3388 nen

240 3414 284 3470 uti
304 3404 344 3473 iiv
364 3411 444 3471 idem
464 3415 513 3488 ait,
534 3412 612 3489 quod
626 3410 769 3472 Latinum
789 3433 881 3491 qurum,
903 3412 956 3472 sed
977 3413 1081 3473 dicitur
1103 3412 1174 3472 lroc:
1196 3418 1282 3472 etiam

239 3515 290 3571 τρο
309 3495 433 3567 [ortam
452 3497 540 3569 echte,
561 3518 668 3571 nempe
679 3498 731 3557 ίιοο
740 3498 859 3572 sueieue,
882 3508 914 3555 ut
928 3496 1000 3557 mihi
1014 3497 1072 3557 soli
1084 3496 1282 3573 quaerendum

239 3582 295 3654 sit,
319 3586 351 3638 nt
373 3586 423 3637 aut
447 3570 529 3657 ἔχων
549 3574 778 3665 ουιιεῖιρίσκων
798 3590 848 3638 aut
867 3580 965 3643 τοῦτο
987 3580 1097 3645 ποιῶν
1122 3588 1172 3639 aut
1194 3582 1281 3641 etiam

238 3655 343 3741 τυχὼν
376 3662 571 3739 supplendum
605 3666 654 3724 ait.
703 3661 755 3723 Sic
790 3662 905 3724 videtur
936 3662 975 3725 G.
1003 3662 1192 3725 Hermannus
1216 3667 1279 3739 ipae

240 3767 361 3821 quoque
389 3749 532 3819 accepisse
559 3745 637 3805 hunc
658 3747 772 3823 locum,
798 3768 864 3807 cum
888 3750 928 3807 ite
950 3748 1058 3807 dixerit
1077 3748 1278 3824 explicandam

239 3842 302 3890 rem
328 3848 421 3910 earet!
445 3821 491 3903 ὡς
509 3821 608 3907 μόλις
629 3821 714 3893 οὔτὰ
735 3824 792 3894 καί
815 3824 843 3895 εί
867 3822 931 3911 ἐγὼ
953 3822 1053 3905 αὐτὸς
1074 3826 1207 3913 ζητοίην
1227 3824 1279 3895 ei-

240 3908 355 3993 ρίσκισ,
376 3914 434 3971 niai
457 3911 536 3988 quod
554 3915 621 3988 ipse
642 3915 775 3989 ascripsit
789 3912 876 3974 luceo:
901 3915 1048 3993 Numquid
1058 3919 1134 3973 enim
1146 3914 1226 3975 aliud
1239 3924 1278 3974 eet

238 3997 311 4055 illuri
333 3996 507 4075 Sopleceliar-
528 3984 600 4059 είια
629 3987 709 4083 πῦρ
725 3990 766 4060 liv
790 3990 829 4063 οὐ
850 3999 979 4081 παρῆν,
1007 4006 1033 4056 et
1056 4016 1128 4075 ιμιιιι
1147 4000 1277 4083 pluruma

238 4080 347 4139 τίοιὶλίο
377 4098 467 4158 supro
496 4079 796 4141 oomueeutcraoiruuei
834 4090 864 4141 et
892 4080 971 4156 quod
999 4083 1119 4140 omnino
1148 4102 1185 4143 eo
1216 4082 1278 4141 loco

239 4168 474 4224 commemorarit
495 4163 574 4225 hunc
591 4166 695 4235 locum,
716 4166 767 4225 ubi
787 4169 865 4241 ipsas
883 4166 1037 4226 verborum
1053 4166 1279 4225 constructiones

239 4242 334 4302 voluit
359 4244 485 4306 adferre.
528 4246 611 4308 Haec
634 4261 730 4309 autern
759 4250 840 4308 nullo
866 4248 953 4307 modo
976 4257 1073 4325 potest
1092 4246 1194 4309 heberi
1215 4268 1279 4309 ora·

240 4325 330 4383 tionis
357 4334 541 4389 eomtruotio.
583 4330 702 4391 Etenim
725 4333 839 4392 videtur
857 4330 1013 4408 Sophoclis
1034 4333 1113 4393 loeus
1130 4332 1278 4397 diminuis
