<?xml version="1.0" encoding="UTF-8"?>
<!DOCTYPE html PUBLIC "-//W3C//DTD XHTML 1.0 Transitional//EN"
    "http://www.w3.org/TR/xhtml1/DTD/xhtml1-transitional.dtd">
<html xmlns="http://www.w3.org/1999/xhtml" xml:lang="en" lang="en">
 <head>
  <title>
</title>
<meta http-equiv="Content-Type" content="text/html;charset=utf-8" />
  <meta name='ocr-system' content='tesseract 3.04.00' />
  <meta name='ocr-capabilities' content='ocr_page ocr_carea ocr_par ocr_line ocrx_word'/>
</head>
<body>
  <div class='ocr_page' id='page_1' title='image "./matthaeidevarii00unkngoog/matthaeidevarii00unkngoog_0292.png"; bbox 0 0 2850 4842; ppageno 0'>
   <div class='ocr_carea' id='block_1_1' title="bbox 315 524 903 602">
    <p class='ocr_par' dir='ltr' id='par_1_1' title="bbox 315 524 903 602">
     <span class='ocr_line' id='line_1_1' title="bbox 315 524 903 602; baseline -0.017 0"><span class='ocrx_word' id='word_1_1' title='bbox 315 536 338 602; x_wconf 79' lang='lat'><em>2</em></span> <span class='ocrx_word' id='word_1_2' title='bbox 709 586 714 589; x_wconf 93' lang='lat'><em>.</em></span> <span class='ocrx_word' id='word_1_3' title='bbox 776 524 903 595; x_wconf 80' lang='grc' dir='ltr'><strong><em>ἀλλά.</em></strong></span> 
     </span>
    </p>
   </div>
   <div class='ocr_carea' id='block_1_2' title="bbox 198 698 1410 4453">
    <p class='ocr_par' dir='ltr' id='par_1_2' title="bbox 198 698 1410 4453">
     <span class='ocr_line' id='line_1_2' title="bbox 316 698 1410 778; baseline -0.005 -15"><span class='ocrx_word' id='word_1_4' title='bbox 316 704 407 764; x_wconf 72' lang='lat' dir='ltr'><strong>letata</strong></span> <span class='ocrx_word' id='word_1_5' title='bbox 433 722 498 763; x_wconf 85' lang='grc' dir='ltr'><strong><em>οοτιι</em></strong></span> <span class='ocrx_word' id='word_1_6' title='bbox 518 702 623 761; x_wconf 82' lang='grc' dir='ltr'><strong><em>Αοοοοί</em></strong></span> <span class='ocrx_word' id='word_1_7' title='bbox 651 700 700 759; x_wconf 84' lang='lat' dir='ltr'><strong>der</strong></span> <span class='ocrx_word' id='word_1_8' title='bbox 720 699 908 777; x_wconf 75' lang='lat' dir='ltr'><strong>priecbiecben</strong></span> <span class='ocrx_word' id='word_1_9' title='bbox 929 698 1078 776; x_wconf 78' lang='lat' dir='ltr'><strong>Sprocbe)</strong></span> <span class='ocrx_word' id='word_1_10' title='bbox 1107 720 1137 775; x_wconf 92' lang='lat' dir='ltr'><strong>p.</strong></span> <span class='ocrx_word' id='word_1_11' title='bbox 1162 702 1252 775; x_wconf 61' lang='lat'><strong>334„</strong></span> <span class='ocrx_word' id='word_1_12' title='bbox 1278 702 1349 773; x_wconf 80' lang='lat' dir='ltr'><strong>item,</strong></span> <span class='ocrx_word' id='word_1_13' title='bbox 1408 739 1410 778; x_wconf 69' lang='lat'>3</span> 
     </span>
     <span class='ocr_line' id='line_1_3' title="bbox 315 782 1410 862; baseline -0.005 -15"><span class='ocrx_word' id='word_1_14' title='bbox 315 796 347 847; x_wconf 88' lang='lat' dir='ltr'><strong>nt</strong></span> <span class='ocrx_word' id='word_1_15' title='bbox 376 806 431 862; x_wconf 75' lang='lat' dir='ltr'><strong>ego</strong></span> <span class='ocrx_word' id='word_1_16' title='bbox 457 786 600 861; x_wconf 79' lang='lat' dir='ltr'><strong>arbitror,</strong></span> <span class='ocrx_word' id='word_1_17' title='bbox 630 804 670 843; x_wconf 85' lang='lat' dir='ltr'><strong>ex</strong></span> <span class='ocrx_word' id='word_1_18' title='bbox 698 784 862 858; x_wconf 77' lang='lat' dir='ltr'><strong>antiquiore</strong></span> <span class='ocrx_word' id='word_1_19' title='bbox 889 801 1024 841; x_wconf 85' lang='lat' dir='ltr'><strong>sermone</strong></span> <span class='ocrx_word' id='word_1_20' title='bbox 1053 785 1243 842; x_wconf 86' lang='lat' dir='ltr'><strong>retinuerunt.</strong></span> <span class='ocrx_word' id='word_1_21' title='bbox 1282 782 1350 843; x_wconf 82' lang='lat' dir='ltr'><strong>lttut</strong></span> <span class='ocrx_word' id='word_1_22' title='bbox 1408 785 1410 854; x_wconf 72' lang='grc' dir='ltr'>ξ</span> 
     </span>
     <span class='ocr_line' id='line_1_4' title="bbox 315 857 1410 946; baseline -0.005 -15"><span class='ocrx_word' id='word_1_23' title='bbox 315 872 412 946; x_wconf 87' lang='lat' dir='ltr'><strong>enim,</strong></span> <span class='ocrx_word' id='word_1_24' title='bbox 441 868 519 944; x_wconf 83' lang='lat' dir='ltr'><strong>quod</strong></span> <span class='ocrx_word' id='word_1_25' title='bbox 546 877 606 926; x_wconf 88' lang='lat' dir='ltr'><strong>tam</strong></span> <span class='ocrx_word' id='word_1_26' title='bbox 633 888 722 945; x_wconf 76' lang='lat' dir='ltr'><strong>caepe</strong></span> <span class='ocrx_word' id='word_1_27' title='bbox 752 861 972 941; x_wconf 72' lang='lat' dir='ltr'><strong>usurpabatur‚&#39;</strong></span> <span class='ocrx_word' id='word_1_28' title='bbox 993 885 1081 940; x_wconf 86' lang='lat' dir='ltr'><strong>quarn</strong></span> <span class='ocrx_word' id='word_1_29' title='bbox 1108 867 1285 925; x_wconf 87' lang='lat' dir='ltr'><strong>cotidianum</strong></span> <span class='ocrx_word' id='word_1_30' title='bbox 1303 866 1351 927; x_wconf 85' lang='lat' dir='ltr'><strong>boc</strong></span> <span class='ocrx_word' id='word_1_31' title='bbox 1408 857 1410 900; x_wconf 65' lang='lat'>³</span> 
     </span>
     <span class='ocr_line' id='line_1_5' title="bbox 316 944 1349 1029; baseline -0.01 -12"><span class='ocrx_word' id='word_1_32' title='bbox 316 944 413 1029; x_wconf 64' lang='lat' dir='ltr'><strong>uitta,</strong></span> <span class='ocrx_word' id='word_1_33' title='bbox 435 953 542 1010; x_wconf 79' lang='lat' dir='ltr'><strong>maurit</strong></span> <span class='ocrx_word' id='word_1_34' title='bbox 564 950 732 1025; x_wconf 65' lang='lat' dir='ltr'><strong>antiquum„</strong></span> <span class='ocrx_word' id='word_1_35' title='bbox 747 969 802 1009; x_wconf 86' lang='lat' dir='ltr'><strong>nec</strong></span> <span class='ocrx_word' id='word_1_36' title='bbox 822 951 917 1023; x_wconf 89' lang='lat' dir='ltr'><strong>potuit</strong></span> <span class='ocrx_word' id='word_1_37' title='bbox 937 950 970 1007; x_wconf 91' lang='lat' dir='ltr'><strong>in</strong></span> <span class='ocrx_word' id='word_1_38' title='bbox 990 948 1079 1007; x_wconf 86' lang='lat' dir='ltr'><strong>aliam</strong></span> <span class='ocrx_word' id='word_1_39' title='bbox 1098 949 1227 1008; x_wconf 75' lang='lat' dir='ltr'><strong>somnam</strong></span> <span class='ocrx_word' id='word_1_40' title='bbox 1237 955 1349 1009; x_wconf 85' lang='lat' dir='ltr'><strong>mutari:</strong></span> 
     </span>
     <span class='ocr_line' id='line_1_6' title="bbox 315 1032 1351 1111; baseline -0.007 -13"><span class='ocrx_word' id='word_1_41' title='bbox 315 1056 409 1111; x_wconf 81' lang='lat' dir='ltr'><strong>eoque</strong></span> <span class='ocrx_word' id='word_1_42' title='bbox 430 1034 580 1095; x_wconf 72' lang='lat' dir='ltr'><strong>lubentius</strong></span> <span class='ocrx_word' id='word_1_43' title='bbox 600 1032 656 1092; x_wconf 81' lang='lat' dir='ltr'><strong>hoc</strong></span> <span class='ocrx_word' id='word_1_44' title='bbox 677 1034 782 1093; x_wconf 85' lang='lat' dir='ltr'><strong>cultior</strong></span> <span class='ocrx_word' id='word_1_45' title='bbox 803 1052 920 1109; x_wconf 86' lang='lat' dir='ltr'><strong>quoqne</strong></span> <span class='ocrx_word' id='word_1_46' title='bbox 941 1051 1038 1093; x_wconf 73' lang='lat' dir='ltr'><strong>sermo</strong></span> <span class='ocrx_word' id='word_1_47' title='bbox 1056 1036 1194 1109; x_wconf 69' lang='lat' dir='ltr'><strong>agnouit,</strong></span> <span class='ocrx_word' id='word_1_48' title='bbox 1222 1034 1298 1108; x_wconf 79' lang='lat' dir='ltr'><strong>qnod</strong></span> <span class='ocrx_word' id='word_1_49' title='bbox 1316 1038 1351 1092; x_wconf 87' lang='lat' dir='ltr'><strong>sic</strong></span> 
     </span>
     <span class='ocr_line' id='line_1_7' title="bbox 315 1108 1351 1193; baseline -0.005 -14"><span class='ocrx_word' id='word_1_50' title='bbox 315 1122 404 1179; x_wconf 84' lang='lat' dir='ltr'><strong>etiam</strong></span> <span class='ocrx_word' id='word_1_51' title='bbox 424 1118 565 1193; x_wconf 83' lang='lat' dir='ltr'><strong>particula</strong></span> <span class='ocrx_word' id='word_1_52' title='bbox 585 1108 673 1179; x_wconf 75' lang='grc' dir='ltr'><em>ἀλλὰ</em></span> <span class='ocrx_word' id='word_1_53' title='bbox 692 1116 730 1175; x_wconf 80' lang='lat' dir='ltr'><strong>ab</strong></span> <span class='ocrx_word' id='word_1_54' title='bbox 752 1117 844 1175; x_wconf 88' lang='lat' dir='ltr'><strong>altera</strong></span> <span class='ocrx_word' id='word_1_55' title='bbox 864 1115 977 1190; x_wconf 86' lang='lat' dir='ltr'><strong>forma,</strong></span> <span class='ocrx_word' id='word_1_56' title='bbox 1005 1118 1038 1174; x_wconf 90' lang='lat' dir='ltr'><strong>in</strong></span> <span class='ocrx_word' id='word_1_57' title='bbox 1060 1138 1119 1190; x_wconf 82' lang='lat' dir='ltr'><strong>qrra</strong></span> <span class='ocrx_word' id='word_1_58' title='bbox 1140 1126 1274 1177; x_wconf 76' lang='lat' dir='ltr'><strong>accentus</strong></span> <span class='ocrx_word' id='word_1_59' title='bbox 1297 1130 1351 1176; x_wconf 89' lang='lat' dir='ltr'><strong>erat</strong></span> 
     </span>
     <span class='ocr_line' id='line_1_8' title="bbox 314 1191 1410 1280; baseline -0.005 -19"><span class='ocrx_word' id='word_1_60' title='bbox 314 1210 453 1278; x_wconf 77' lang='lat' dir='ltr'><strong>mutatae,</strong></span> <span class='ocrx_word' id='word_1_61' title='bbox 473 1209 571 1277; x_wconf 78' lang='lat' dir='ltr'><strong>posset</strong></span> <span class='ocrx_word' id='word_1_62' title='bbox 592 1199 741 1280; x_wconf 75' lang='lat' dir='ltr'><strong>distingui.</strong></span> <span class='ocrx_word' id='word_1_63' title='bbox 784 1198 850 1258; x_wconf 85' lang='lat' dir='ltr'><strong>Hoc</strong></span> <span class='ocrx_word' id='word_1_64' title='bbox 872 1201 964 1274; x_wconf 79' lang='lat' dir='ltr'><strong>igitur</strong></span> <span class='ocrx_word' id='word_1_65' title='bbox 983 1201 1047 1259; x_wconf 76' lang='lat' dir='ltr'><strong>aive</strong></span> <span class='ocrx_word' id='word_1_66' title='bbox 1069 1194 1156 1262; x_wconf 72' lang='grc' dir='ltr'><strong><em>όλλοι</em></strong></span> <span class='ocrx_word' id='word_1_67' title='bbox 1176 1202 1240 1261; x_wconf 80' lang='lat' dir='ltr'><strong>aire</strong></span> <span class='ocrx_word' id='word_1_68' title='bbox 1263 1191 1353 1275; x_wconf 66' lang='lat' dir='ltr'><strong>attat,</strong></span> <span class='ocrx_word' id='word_1_69' title='bbox 1408 1249 1410 1256; x_wconf 93' lang='lat'><em>.</em></span> 
     </span>
     <span class='ocr_line' id='line_1_9' title="bbox 316 1281 1410 1361; baseline -0.004 -16"><span class='ocrx_word' id='word_1_70' title='bbox 316 1304 442 1361; x_wconf 87' lang='lat' dir='ltr'><strong>quocum</strong></span> <span class='ocrx_word' id='word_1_71' title='bbox 461 1282 504 1343; x_wconf 91' lang='lat' dir='ltr'><strong>lo.</strong></span> <span class='ocrx_word' id='word_1_72' title='bbox 521 1282 584 1343; x_wconf 76' lang='lat' dir='ltr'><strong>Aa.</strong></span> <span class='ocrx_word' id='word_1_73' title='bbox 603 1281 784 1356; x_wconf 79' lang='lat' dir='ltr'><strong>Hartungioa</strong></span> <span class='ocrx_word' id='word_1_74' title='bbox 805 1284 838 1341; x_wconf 91' lang='lat' dir='ltr'><strong>in</strong></span> <span class='ocrx_word' id='word_1_75' title='bbox 858 1286 998 1341; x_wconf 74' lang='lat' dir='ltr'><strong>Doctrina</strong></span> <span class='ocrx_word' id='word_1_76' title='bbox 1014 1284 1221 1359; x_wconf 71' lang='lat' dir='ltr'><strong>particulorum</strong></span> <span class='ocrx_word' id='word_1_77' title='bbox 1239 1287 1352 1342; x_wconf 76' lang='lat' dir='ltr'><strong>Graecae</strong></span> <span class='ocrx_word' id='word_1_78' title='bbox 1408 1335 1410 1358; x_wconf 81' lang='grc'>,</span> 
     </span>
     <span class='ocr_line' id='line_1_10' title="bbox 317 1366 1410 1447; baseline -0.004 -18"><span class='ocrx_word' id='word_1_79' title='bbox 317 1372 431 1447; x_wconf 78' lang='lat' dir='ltr'><strong>ttnpuua</strong></span> <span class='ocrx_word' id='word_1_80' title='bbox 457 1370 566 1441; x_wconf 67' lang='lat' dir='ltr'><strong>(Letum</strong></span> <span class='ocrx_word' id='word_1_81' title='bbox 589 1388 645 1427; x_wconf 85' lang='lat' dir='ltr'><strong>coa</strong></span> <span class='ocrx_word' id='word_1_82' title='bbox 672 1368 724 1426; x_wconf 81' lang='grc' dir='ltr'><strong><em>δια</em></strong></span> <span class='ocrx_word' id='word_1_83' title='bbox 753 1366 900 1425; x_wconf 76' lang='lat' dir='ltr'><strong>Portikotn</strong></span> <span class='ocrx_word' id='word_1_84' title='bbox 929 1366 978 1424; x_wconf 83' lang='lat' dir='ltr'><strong>dor</strong></span> <span class='ocrx_word' id='word_1_85' title='bbox 1004 1367 1195 1441; x_wconf 66' lang='lat' dir='ltr'><strong>prteobuctrea</strong></span> <span class='ocrx_word' id='word_1_86' title='bbox 1221 1370 1352 1444; x_wconf 82' lang='lat' dir='ltr'><strong>Sprocto)</strong></span> <span class='ocrx_word' id='word_1_87' title='bbox 1408 1389 1410 1404; x_wconf 77' lang='lat'><strong>¹</strong></span> 
     </span>
     <span class='ocr_line' id='line_1_11' title="bbox 316 1445 1350 1527; baseline -0.003 -15"><span class='ocrx_word' id='word_1_88' title='bbox 316 1454 376 1513; x_wconf 83' lang='lat' dir='ltr'><strong>vol.</strong></span> <span class='ocrx_word' id='word_1_89' title='bbox 395 1450 435 1511; x_wconf 92' lang='lat' dir='ltr'><strong>lI.</strong></span> <span class='ocrx_word' id='word_1_90' title='bbox 463 1474 495 1527; x_wconf 90' lang='lat' dir='ltr'><strong>p.</strong></span> <span class='ocrx_word' id='word_1_91' title='bbox 519 1456 560 1511; x_wconf 79' lang='lat'><strong>30</strong></span> <span class='ocrx_word' id='word_1_92' title='bbox 582 1470 628 1527; x_wconf 76' lang='lat' dir='ltr'><strong>eq.</strong></span> <span class='ocrx_word' id='word_1_93' title='bbox 654 1458 731 1510; x_wconf 88' lang='lat' dir='ltr'><strong>recte</strong></span> <span class='ocrx_word' id='word_1_94' title='bbox 759 1451 939 1523; x_wconf 82' lang='lat' dir='ltr'><strong>comparavit</strong></span> <span class='ocrx_word' id='word_1_95' title='bbox 959 1445 1126 1509; x_wconf 81' lang='lat' dir='ltr'><strong>Gothorum</strong></span> <span class='ocrx_word' id='word_1_96' title='bbox 1145 1451 1211 1527; x_wconf 77' lang='lat' dir='ltr'><strong>otjo</strong></span> <span class='ocrx_word' id='word_1_97' title='bbox 1234 1456 1350 1522; x_wconf 72' lang='lat' dir='ltr'><strong>(aaran,</strong></span> 
     </span>
     <span class='ocr_line' id='line_1_12' title="bbox 316 1528 1352 1612; baseline -0.003 -17"><span class='ocrx_word' id='word_1_98' title='bbox 316 1555 386 1603; x_wconf 82' lang='lat' dir='ltr'><strong>our,</strong></span> <span class='ocrx_word' id='word_1_99' title='bbox 412 1536 517 1605; x_wconf 82' lang='lat' dir='ltr'><strong>atleta,</strong></span> <span class='ocrx_word' id='word_1_100' title='bbox 549 1543 581 1593; x_wconf 91' lang='lat' dir='ltr'><strong>ut</strong></span> <span class='ocrx_word' id='word_1_101' title='bbox 601 1536 665 1609; x_wconf 78' lang='lat' dir='ltr'><strong>ipae</strong></span> <span class='ocrx_word' id='word_1_102' title='bbox 685 1532 912 1608; x_wconf 81' lang='lat' dir='ltr'><strong>interpretatur)</strong></span> <span class='ocrx_word' id='word_1_103' title='bbox 940 1541 971 1591; x_wconf 88' lang='lat' dir='ltr'><strong>et</strong></span> <span class='ocrx_word' id='word_1_104' title='bbox 992 1528 1067 1612; x_wconf 71' lang='lat' dir='ltr'><strong>iliud</strong></span> <span class='ocrx_word' id='word_1_105' title='bbox 1087 1534 1121 1591; x_wconf 91' lang='lat' dir='ltr'><strong>in</strong></span> <span class='ocrx_word' id='word_1_106' title='bbox 1141 1536 1352 1608; x_wconf 70' lang='lat' dir='ltr'><strong>septentrionali</strong></span> 
     </span>
     <span class='ocr_line' id='line_1_13' title="bbox 317 1616 1353 1693; baseline -0.004 -14"><span class='ocrx_word' id='word_1_107' title='bbox 317 1616 477 1679; x_wconf 77' lang='lat' dir='ltr'><strong>Germania</strong></span> <span class='ocrx_word' id='word_1_108' title='bbox 497 1619 568 1677; x_wconf 85' lang='lat' dir='ltr'><strong>olim</strong></span> <span class='ocrx_word' id='word_1_109' title='bbox 584 1626 753 1693; x_wconf 85' lang='lat' dir='ltr'><strong>usurpatum</strong></span> <span class='ocrx_word' id='word_1_110' title='bbox 768 1618 825 1675; x_wconf 81' lang='lat' dir='ltr'><strong>etto</strong></span> <span class='ocrx_word' id='word_1_111' title='bbox 846 1616 950 1689; x_wconf 76' lang='lat' dir='ltr'><strong>(ottae,</strong></span> <span class='ocrx_word' id='word_1_112' title='bbox 967 1621 1036 1686; x_wconf 83' lang='lat' dir='ltr'><strong>ont)</strong></span> <span class='ocrx_word' id='word_1_113' title='bbox 1056 1616 1137 1691; x_wconf 83' lang='lat' dir='ltr'><strong>etit,</strong></span> <span class='ocrx_word' id='word_1_114' title='bbox 1157 1617 1239 1691; x_wconf 86' lang='lat' dir='ltr'><strong>qnod</strong></span> <span class='ocrx_word' id='word_1_115' title='bbox 1253 1626 1353 1677; x_wconf 87' lang='lat' dir='ltr'><strong>tantum</strong></span> 
     </span>
     <span class='ocr_line' id='line_1_14' title="bbox 316 1697 1354 1779; baseline -0.002 -18"><span class='ocrx_word' id='word_1_116' title='bbox 316 1702 404 1763; x_wconf 83' lang='lat' dir='ltr'><strong>modo</strong></span> <span class='ocrx_word' id='word_1_117' title='bbox 425 1722 491 1761; x_wconf 83' lang='lat' dir='ltr'><strong>casn</strong></span> <span class='ocrx_word' id='word_1_118' title='bbox 512 1703 571 1761; x_wconf 84' lang='lat' dir='ltr'><strong>olio</strong></span> <span class='ocrx_word' id='word_1_119' title='bbox 592 1710 679 1777; x_wconf 78' lang='lat' dir='ltr'><strong>areat,</strong></span> <span class='ocrx_word' id='word_1_120' title='bbox 700 1702 767 1759; x_wconf 85' lang='lat' dir='ltr'><strong>ettea</strong></span> <span class='ocrx_word' id='word_1_121' title='bbox 787 1700 901 1775; x_wconf 78' lang='lat' dir='ltr'><strong>(utine)</strong></span> <span class='ocrx_word' id='word_1_122' title='bbox 921 1697 1169 1779; x_wconf 73' lang='lat' dir='ltr'><strong>Anglotaxonum</strong></span> <span class='ocrx_word' id='word_1_123' title='bbox 1191 1710 1222 1760; x_wconf 90' lang='lat' dir='ltr'><strong>et</strong></span> <span class='ocrx_word' id='word_1_124' title='bbox 1234 1712 1354 1761; x_wconf 80' lang='lat' dir='ltr'><strong>veterum</strong></span> 
     </span>
     <span class='ocr_line' id='line_1_15' title="bbox 291 1774 1354 1865; baseline -0.003 -20"><span class='ocrx_word' id='word_1_125' title='bbox 291 1782 532 1865; x_wconf 59' lang='lat' dir='ltr'><strong>⁸Germanorum</strong></span> <span class='ocrx_word' id='word_1_126' title='bbox 553 1784 658 1844; x_wconf 75' lang='lat' dir='ltr'><strong>aticbir</strong></span> <span class='ocrx_word' id='word_1_127' title='bbox 679 1774 816 1865; x_wconf 82' lang='grc' dir='ltr'><strong><em>(πλήν),</em></strong></span> <span class='ocrx_word' id='word_1_128' title='bbox 837 1780 874 1841; x_wconf 85' lang='lat' dir='ltr'><strong>de</strong></span> <span class='ocrx_word' id='word_1_129' title='bbox 896 1803 955 1857; x_wconf 87' lang='lat' dir='ltr'><strong>qno</strong></span> <span class='ocrx_word' id='word_1_130' title='bbox 975 1782 1074 1841; x_wconf 84' lang='lat' dir='ltr'><strong>laudat</strong></span> <span class='ocrx_word' id='word_1_131' title='bbox 1093 1781 1235 1842; x_wconf 86' lang='lat' dir='ltr'><strong>Grimmii</strong></span> <span class='ocrx_word' id='word_1_132' title='bbox 1257 1788 1354 1844; x_wconf 85' lang='lat' dir='ltr'><strong>Gram-</strong></span> 
     </span>
     <span class='ocr_line' id='line_1_16' title="bbox 317 1864 1353 1943; baseline 0.002 -16"><span class='ocrx_word' id='word_1_133' title='bbox 317 1875 451 1929; x_wconf 79' lang='lat' dir='ltr'><strong>aaoticnm</strong></span> <span class='ocrx_word' id='word_1_134' title='bbox 468 1871 667 1927; x_wconf 70' lang='lat' dir='ltr'><strong>Germanicam</strong></span> <span class='ocrx_word' id='word_1_135' title='bbox 681 1867 822 1939; x_wconf 84' lang='lat' dir='ltr'><strong>(teutacbe</strong></span> <span class='ocrx_word' id='word_1_136' title='bbox 840 1868 1037 1939; x_wconf 74' lang='lat' dir='ltr'><strong>Groaamotik)</strong></span> <span class='ocrx_word' id='word_1_137' title='bbox 1052 1867 1111 1938; x_wconf 85' lang='lat' dir='ltr'><strong>vol,</strong></span> <span class='ocrx_word' id='word_1_138' title='bbox 1122 1864 1179 1926; x_wconf 84' lang='grc' dir='ltr'><strong>ΙΙΙ.</strong></span> <span class='ocrx_word' id='word_1_139' title='bbox 1192 1890 1223 1943; x_wconf 88' lang='lat' dir='ltr'><strong>p.</strong></span> <span class='ocrx_word' id='word_1_140' title='bbox 1236 1864 1296 1927; x_wconf 82' lang='lat'><strong>187</strong></span> <span class='ocrx_word' id='word_1_141' title='bbox 1303 1888 1353 1943; x_wconf 68' lang='lat' dir='ltr'><strong>aa,</strong></span> 
     </span>
     <span class='ocr_line' id='line_1_17' title="bbox 317 1939 1353 2026; baseline -0.002 -17"><span class='ocrx_word' id='word_1_142' title='bbox 317 1958 451 2011; x_wconf 80' lang='lat' dir='ltr'><strong>nostrum</strong></span> <span class='ocrx_word' id='word_1_143' title='bbox 472 1950 599 2025; x_wconf 88' lang='lat' dir='ltr'><strong>deniqne</strong></span> <span class='ocrx_word' id='word_1_144' title='bbox 620 1950 717 2023; x_wconf 79' lang='lat' dir='ltr'><strong>alicio,</strong></span> <span class='ocrx_word' id='word_1_145' title='bbox 737 1946 803 2024; x_wconf 86' lang='lat' dir='ltr'><strong>hoo,</strong></span> <span class='ocrx_word' id='word_1_146' title='bbox 827 1951 960 2025; x_wconf 82' lang='lat' dir='ltr'><strong>inquam,</strong></span> <span class='ocrx_word' id='word_1_147' title='bbox 984 1939 1070 2011; x_wconf 72' lang='grc' dir='ltr'><strong>ἀλλὰ</strong></span> <span class='ocrx_word' id='word_1_148' title='bbox 1090 1970 1157 2009; x_wconf 85' lang='lat' dir='ltr'><strong>eam</strong></span> <span class='ocrx_word' id='word_1_149' title='bbox 1178 1972 1255 2024; x_wconf 74' lang='lat' dir='ltr'><strong>mm,</strong></span> <span class='ocrx_word' id='word_1_150' title='bbox 1275 1973 1353 2026; x_wconf 85' lang='lat' dir='ltr'><strong>qnam</strong></span> 
     </span>
     <span class='ocr_line' id='line_1_18' title="bbox 318 2030 1353 2110; baseline -0.002 -18"><span class='ocrx_word' id='word_1_151' title='bbox 318 2033 421 2093; x_wconf 83' lang='lat' dir='ltr'><strong>dicturi</strong></span> <span class='ocrx_word' id='word_1_152' title='bbox 447 2054 564 2110; x_wconf 81' lang='lat' dir='ltr'><strong>eumne,</strong></span> <span class='ocrx_word' id='word_1_153' title='bbox 590 2034 718 2094; x_wconf 84' lang='lat' dir='ltr'><strong>eeeernit</strong></span> <span class='ocrx_word' id='word_1_154' title='bbox 745 2034 781 2091; x_wconf 88' lang='lat' dir='ltr'><strong>ab</strong></span> <span class='ocrx_word' id='word_1_155' title='bbox 810 2032 862 2089; x_wconf 85' lang='lat' dir='ltr'><strong>ilia</strong></span> <span class='ocrx_word' id='word_1_156' title='bbox 891 2052 941 2107; x_wconf 87' lang='lat' dir='ltr'><strong>re,</strong></span> <span class='ocrx_word' id='word_1_157' title='bbox 970 2030 1007 2091; x_wconf 87' lang='lat' dir='ltr'><strong>de</strong></span> <span class='ocrx_word' id='word_1_158' title='bbox 1034 2052 1092 2107; x_wconf 87' lang='lat' dir='ltr'><strong>qna</strong></span> <span class='ocrx_word' id='word_1_159' title='bbox 1114 2045 1163 2092; x_wconf 88' lang='lat' dir='ltr'><strong>ant</strong></span> <span class='ocrx_word' id='word_1_160' title='bbox 1186 2036 1266 2093; x_wconf 84' lang='lat' dir='ltr'><strong>taciti</strong></span> <span class='ocrx_word' id='word_1_161' title='bbox 1285 2034 1353 2109; x_wconf 80' lang='lat' dir='ltr'><strong>apud</strong></span> 
     </span>
     <span class='ocr_line' id='line_1_19' title="bbox 317 2114 1352 2191; baseline 0 -14"><span class='ocrx_word' id='word_1_162' title='bbox 317 2122 448 2177; x_wconf 88' lang='lat' dir='ltr'><strong>animum</strong></span> <span class='ocrx_word' id='word_1_163' title='bbox 467 2114 535 2177; x_wconf 82' lang='lat' dir='ltr'><strong>ante</strong></span> <span class='ocrx_word' id='word_1_164' title='bbox 555 2117 752 2191; x_wconf 78' lang='lat' dir='ltr'><strong>cogitabamus</strong></span> <span class='ocrx_word' id='word_1_165' title='bbox 771 2124 821 2171; x_wconf 86' lang='lat' dir='ltr'><strong>ant</strong></span> <span class='ocrx_word' id='word_1_166' title='bbox 840 2114 1024 2174; x_wconf 81' lang='lat' dir='ltr'><strong>antecedenti</strong></span> <span class='ocrx_word' id='word_1_167' title='bbox 1038 2119 1170 2176; x_wconf 86' lang='lat' dir='ltr'><strong>oratioue</strong></span> <span class='ocrx_word' id='word_1_168' title='bbox 1184 2121 1352 2178; x_wconf 86' lang='lat' dir='ltr'><strong>mentionem</strong></span> 
     </span>
     <span class='ocr_line' id='line_1_20' title="bbox 316 2198 1353 2277; baseline -0.001 -16"><span class='ocrx_word' id='word_1_169' title='bbox 316 2202 452 2277; x_wconf 70' lang='lat' dir='ltr'><strong>semmua,</strong></span> <span class='ocrx_word' id='word_1_170' title='bbox 474 2203 516 2259; x_wconf 89' lang='lat' dir='ltr'><strong>ita</strong></span> <span class='ocrx_word' id='word_1_171' title='bbox 538 2206 569 2258; x_wconf 85' lang='lat' dir='ltr'><strong>ut</strong></span> <span class='ocrx_word' id='word_1_172' title='bbox 591 2201 675 2274; x_wconf 82' lang='lat' dir='ltr'><strong>quasi</strong></span> <span class='ocrx_word' id='word_1_173' title='bbox 696 2198 840 2274; x_wconf 76' lang='lat' dir='ltr'><strong>singulari</strong></span> <span class='ocrx_word' id='word_1_174' title='bbox 859 2219 891 2256; x_wconf 90' lang='lat' dir='ltr'><strong>ac</strong></span> <span class='ocrx_word' id='word_1_175' title='bbox 902 2219 957 2273; x_wconf 89' lang='lat' dir='ltr'><strong>per</strong></span> <span class='ocrx_word' id='word_1_176' title='bbox 969 2219 1000 2257; x_wconf 84' lang='lat' dir='ltr'><strong>ee</strong></span> <span class='ocrx_word' id='word_1_177' title='bbox 1015 2200 1149 2258; x_wconf 78' lang='lat' dir='ltr'><strong>absoluta</strong></span> <span class='ocrx_word' id='word_1_178' title='bbox 1162 2204 1353 2260; x_wconf 86' lang='lat' dir='ltr'><strong>enuntiatione</strong></span> 
     </span>
     <span class='ocr_line' id='line_1_21' title="bbox 317 2282 1353 2361; baseline -0.001 -16"><span class='ocrx_word' id='word_1_179' title='bbox 317 2285 445 2361; x_wconf 86' lang='lat' dir='ltr'><strong>dicatur,</strong></span> <span class='ocrx_word' id='word_1_180' title='bbox 468 2284 547 2343; x_wconf 75' lang='lat' dir='ltr'><strong>otiari</strong></span> <span class='ocrx_word' id='word_1_181' title='bbox 568 2287 628 2343; x_wconf 81' lang='lat' dir='ltr'><strong>iam</strong></span> <span class='ocrx_word' id='word_1_182' title='bbox 648 2284 699 2341; x_wconf 77' lang='lat' dir='ltr'><strong>boc</strong></span> <span class='ocrx_word' id='word_1_183' title='bbox 724 2301 799 2353; x_wconf 80' lang='lat' dir='ltr'><strong>eece,</strong></span> <span class='ocrx_word' id='word_1_184' title='bbox 819 2282 897 2355; x_wconf 86' lang='lat' dir='ltr'><strong>quod</strong></span> <span class='ocrx_word' id='word_1_185' title='bbox 917 2302 1017 2344; x_wconf 81' lang='lat' dir='ltr'><strong>eumne</strong></span> <span class='ocrx_word' id='word_1_186' title='bbox 1037 2282 1159 2359; x_wconf 77' lang='lat' dir='ltr'><strong>dicturi,</strong></span> <span class='ocrx_word' id='word_1_187' title='bbox 1180 2296 1268 2359; x_wconf 86' lang='lat' dir='ltr'><strong>atque</strong></span> <span class='ocrx_word' id='word_1_188' title='bbox 1285 2285 1353 2343; x_wconf 84' lang='lat' dir='ltr'><strong>illud</strong></span> 
     </span>
     <span class='ocr_line' id='line_1_22' title="bbox 316 2364 1352 2444; baseline -0.003 -17"><span class='ocrx_word' id='word_1_189' title='bbox 316 2369 416 2444; x_wconf 79' lang='lat' dir='ltr'><strong>suerit,</strong></span> <span class='ocrx_word' id='word_1_190' title='bbox 438 2367 516 2442; x_wconf 86' lang='lat' dir='ltr'><strong>quod</strong></span> <span class='ocrx_word' id='word_1_191' title='bbox 535 2375 584 2425; x_wconf 88' lang='lat' dir='ltr'><strong>aut</strong></span> <span class='ocrx_word' id='word_1_192' title='bbox 604 2366 778 2441; x_wconf 78' lang='lat' dir='ltr'><strong>cogitatione</strong></span> <span class='ocrx_word' id='word_1_193' title='bbox 798 2364 943 2426; x_wconf 70' lang='lat' dir='ltr'><strong>volvimus</strong></span> <span class='ocrx_word' id='word_1_194' title='bbox 957 2374 1006 2423; x_wconf 88' lang='lat' dir='ltr'><strong>ant</strong></span> <span class='ocrx_word' id='word_1_195' title='bbox 1019 2368 1151 2426; x_wconf 83' lang='lat' dir='ltr'><strong>emtione</strong></span> <span class='ocrx_word' id='word_1_196' title='bbox 1163 2372 1352 2443; x_wconf 77' lang='lat' dir='ltr'><strong>expressimus</strong></span> 
     </span>
     <span class='ocr_line' id='line_1_23' title="bbox 317 2446 1350 2526; baseline -0.001 -15"><span class='ocrx_word' id='word_1_197' title='bbox 317 2458 400 2526; x_wconf 85' lang='lat' dir='ltr'><strong>unte,</strong></span> <span class='ocrx_word' id='word_1_198' title='bbox 422 2450 526 2510; x_wconf 87' lang='lat' dir='ltr'><strong>eodem</strong></span> <span class='ocrx_word' id='word_1_199' title='bbox 545 2468 665 2524; x_wconf 79' lang='lat' dir='ltr'><strong>protana</strong></span> <span class='ocrx_word' id='word_1_200' title='bbox 686 2447 784 2523; x_wconf 78' lang='lat' dir='ltr'><strong>modo,</strong></span> <span class='ocrx_word' id='word_1_201' title='bbox 806 2469 864 2523; x_wconf 86' lang='lat' dir='ltr'><strong>quo</strong></span> <span class='ocrx_word' id='word_1_202' title='bbox 883 2446 1060 2507; x_wconf 86' lang='lat' dir='ltr'><strong>Latinorum</strong></span> <span class='ocrx_word' id='word_1_203' title='bbox 1080 2470 1177 2509; x_wconf 79' lang='lat' dir='ltr'><strong>comm</strong></span> <span class='ocrx_word' id='word_1_204' title='bbox 1201 2454 1350 2525; x_wconf 85' lang='lat' dir='ltr'><strong>antiquitus</strong></span> 
     </span>
     <span class='ocr_line' id='line_1_24' title="bbox 316 2534 1351 2605; baseline 0.001 -12"><span class='ocrx_word' id='word_1_205' title='bbox 316 2535 547 2593; x_wconf 84' lang='lat' dir='ltr'><strong>enuntiationem</strong></span> <span class='ocrx_word' id='word_1_206' title='bbox 574 2537 737 2605; x_wconf 78' lang='lat' dir='ltr'><strong>separatam</strong></span> <span class='ocrx_word' id='word_1_207' title='bbox 766 2538 796 2589; x_wconf 87' lang='lat' dir='ltr'><strong>et</strong></span> <span class='ocrx_word' id='word_1_208' title='bbox 822 2552 877 2605; x_wconf 90' lang='lat' dir='ltr'><strong>per</strong></span> <span class='ocrx_word' id='word_1_209' title='bbox 901 2553 935 2593; x_wconf 81' lang='lat' dir='ltr'><strong>oe</strong></span> <span class='ocrx_word' id='word_1_210' title='bbox 961 2542 1140 2593; x_wconf 77' lang='lat' dir='ltr'><strong>constantem</strong></span> <span class='ocrx_word' id='word_1_211' title='bbox 1162 2534 1291 2597; x_wconf 71' lang='lat' dir='ltr'><strong>effectam</strong></span> <span class='ocrx_word' id='word_1_212' title='bbox 1310 2539 1351 2595; x_wconf 83' lang='lat' dir='ltr'><strong>vi-</strong></span> 
     </span>
     <span class='ocr_line' id='line_1_25' title="bbox 316 2613 1351 2693; baseline 0 -16"><span class='ocrx_word' id='word_1_213' title='bbox 316 2618 410 2677; x_wconf 74' lang='lat' dir='ltr'><strong>detui.</strong></span> <span class='ocrx_word' id='word_1_214' title='bbox 453 2613 517 2682; x_wconf 82' lang='lat' dir='ltr'><strong>Sed</strong></span> <span class='ocrx_word' id='word_1_215' title='bbox 541 2615 697 2689; x_wconf 77' lang='lat' dir='ltr'><strong>quoniam,</strong></span> <span class='ocrx_word' id='word_1_216' title='bbox 725 2614 752 2674; x_wconf 77' lang='lat' dir='ltr'><strong>ai</strong></span> <span class='ocrx_word' id='word_1_217' title='bbox 778 2613 850 2687; x_wconf 84' lang='lat' dir='ltr'><strong>quid</strong></span> <span class='ocrx_word' id='word_1_218' title='bbox 876 2615 913 2672; x_wconf 89' lang='lat' dir='ltr'><strong>ab</strong></span> <span class='ocrx_word' id='word_1_219' title='bbox 934 2615 1028 2675; x_wconf 85' lang='lat' dir='ltr'><strong>altero</strong></span> <span class='ocrx_word' id='word_1_220' title='bbox 1049 2616 1260 2693; x_wconf 73' lang='grc' dir='ltr'><strong>δίεοοτιίιιοο,</strong></span> <span class='ocrx_word' id='word_1_221' title='bbox 1285 2620 1351 2677; x_wconf 82' lang='lat' dir='ltr'><strong>dnae</strong></span> 
     </span>
     <span class='ocr_line' id='line_1_26' title="bbox 316 2696 1351 2776; baseline 0.003 -17"><span class='ocrx_word' id='word_1_222' title='bbox 316 2721 365 2760; x_wconf 82' lang='lat' dir='ltr'><strong>ree</strong></span> <span class='ocrx_word' id='word_1_223' title='bbox 387 2710 555 2775; x_wconf 73' lang='lat' dir='ltr'><strong>comparare</strong></span> <span class='ocrx_word' id='word_1_224' title='bbox 572 2696 716 2762; x_wconf 74' lang='lat' dir='ltr'><strong>debemus</strong></span> <span class='ocrx_word' id='word_1_225' title='bbox 735 2716 781 2753; x_wconf 75' lang='lat' dir='ltr'><strong>aa</strong></span> <span class='ocrx_word' id='word_1_226' title='bbox 794 2717 981 2775; x_wconf 84' lang='lat' dir='ltr'><strong>componere,</strong></span> <span class='ocrx_word' id='word_1_227' title='bbox 1005 2720 1066 2758; x_wconf 88' lang='lat' dir='ltr'><strong>non</strong></span> <span class='ocrx_word' id='word_1_228' title='bbox 1084 2702 1180 2775; x_wconf 87' lang='lat' dir='ltr'><strong>potuit</strong></span> <span class='ocrx_word' id='word_1_229' title='bbox 1200 2702 1266 2761; x_wconf 79' lang='lat' dir='ltr'><strong>fieri</strong></span> <span class='ocrx_word' id='word_1_230' title='bbox 1285 2705 1351 2776; x_wconf 85' lang='lat' dir='ltr'><strong>quin</strong></span> 
     </span>
     <span class='ocr_line' id='line_1_27' title="bbox 315 2772 1410 2861; baseline -0.003 -18"><span class='ocrx_word' id='word_1_231' title='bbox 315 2782 373 2843; x_wconf 86' lang='lat' dir='ltr'><strong>boc</strong></span> <span class='ocrx_word' id='word_1_232' title='bbox 393 2772 497 2858; x_wconf 73' lang='lat' dir='ltr'><strong>otta,</strong></span> <span class='ocrx_word' id='word_1_233' title='bbox 518 2782 573 2840; x_wconf 84' lang='lat' dir='ltr'><strong>etei</strong></span> <span class='ocrx_word' id='word_1_234' title='bbox 594 2800 649 2855; x_wconf 88' lang='lat' dir='ltr'><strong>per</strong></span> <span class='ocrx_word' id='word_1_235' title='bbox 667 2800 701 2840; x_wconf 78' lang='lat' dir='ltr'><strong>ae</strong></span> <span class='ocrx_word' id='word_1_236' title='bbox 720 2781 874 2855; x_wconf 81' lang='lat' dir='ltr'><strong>copulandi</strong></span> <span class='ocrx_word' id='word_1_237' title='bbox 893 2782 954 2841; x_wconf 83' lang='lat' dir='ltr'><strong>rim</strong></span> <span class='ocrx_word' id='word_1_238' title='bbox 974 2801 1035 2841; x_wconf 90' lang='lat' dir='ltr'><strong>non</strong></span> <span class='ocrx_word' id='word_1_239' title='bbox 1053 2781 1194 2861; x_wconf 81' lang='lat' dir='ltr'><strong>baberet,</strong></span> <span class='ocrx_word' id='word_1_240' title='bbox 1214 2786 1352 2847; x_wconf 79' lang='lat' dir='ltr'><strong>videretur</strong></span> <span class='ocrx_word' id='word_1_241' title='bbox 1408 2815 1410 2840; x_wconf 86' lang='lat'><strong>:</strong></span> 
     </span>
     <span class='ocr_line' id='line_1_28' title="bbox 198 2854 1352 2945; baseline 0.002 -18"><span class='ocrx_word' id='word_1_242' title='bbox 198 2854 205 2869; x_wconf 63' lang='lat'><strong>⁹</strong></span> <span class='ocrx_word' id='word_1_243' title='bbox 305 2861 407 2927; x_wconf 79' lang='lat' dir='ltr'><strong>&#39;etiam</strong></span> <span class='ocrx_word' id='word_1_244' title='bbox 426 2868 603 2941; x_wconf 79' lang='lat' dir='ltr'><strong>coniungere</strong></span> <span class='ocrx_word' id='word_1_245' title='bbox 616 2866 782 2923; x_wconf 75' lang='lat' dir='ltr'><strong>sententiaa.</strong></span> <span class='ocrx_word' id='word_1_246' title='bbox 824 2862 876 2924; x_wconf 85' lang='lat' dir='ltr'><strong>Sic</strong></span> <span class='ocrx_word' id='word_1_247' title='bbox 887 2867 978 2939; x_wconf 74' lang='lat' dir='ltr'><strong>igitur</strong></span> <span class='ocrx_word' id='word_1_248' title='bbox 990 2868 1024 2925; x_wconf 90' lang='lat' dir='ltr'><strong>in</strong></span> <span class='ocrx_word' id='word_1_249' title='bbox 1035 2866 1088 2926; x_wconf 83' lang='lat' dir='ltr'><strong>itio</strong></span> <span class='ocrx_word' id='word_1_250' title='bbox 1102 2869 1242 2945; x_wconf 84' lang='lat' dir='ltr'><strong>exemplo</strong></span> <span class='ocrx_word' id='word_1_251' title='bbox 1253 2870 1352 2931; x_wconf 76' lang='lat' dir='ltr'><strong>facturn</strong></span> 
     </span>
     <span class='ocr_line' id='line_1_29' title="bbox 316 2944 1350 3029; baseline -0.001 -18"><span class='ocrx_word' id='word_1_252' title='bbox 316 2960 376 3027; x_wconf 84' lang='lat' dir='ltr'><strong>eat,</strong></span> <span class='ocrx_word' id='word_1_253' title='bbox 400 2947 482 3029; x_wconf 68' lang='lat' dir='ltr'><strong>qnod,</strong></span> <span class='ocrx_word' id='word_1_254' title='bbox 500 2946 603 3007; x_wconf 84' lang='lat' dir='ltr'><strong>adtulit</strong></span> <span class='ocrx_word' id='word_1_255' title='bbox 621 2944 769 3011; x_wconf 78' lang='lat' dir='ltr'><strong>Derarine</strong></span> <span class='ocrx_word' id='word_1_256' title='bbox 790 2968 822 3023; x_wconf 88' lang='lat' dir='ltr'><strong>p.</strong></span> <span class='ocrx_word' id='word_1_257' title='bbox 845 2955 873 3009; x_wconf 88' lang='lat'><strong>1.</strong></span> <span class='ocrx_word' id='word_1_258' title='bbox 895 2969 935 3008; x_wconf 83' lang='lat' dir='ltr'><strong>ex</strong></span> <span class='ocrx_word' id='word_1_259' title='bbox 952 2946 1078 3011; x_wconf 84' lang='lat' dir='ltr'><strong>Homeri</strong></span> <span class='ocrx_word' id='word_1_260' title='bbox 1099 2952 1243 3025; x_wconf 57' lang='grc' dir='ltr'><strong><em>θάνατοι</em></strong></span> <span class='ocrx_word' id='word_1_261' title='bbox 1259 2952 1311 3015; x_wconf 88' lang='lat' dir='ltr'><strong>lib.</strong></span> <span class='ocrx_word' id='word_1_262' title='bbox 1328 2952 1350 3011; x_wconf 89' lang='grc' dir='ltr'><strong>Ι.</strong></span> 
     </span>
     <span class='ocr_line' id='line_1_30' title="bbox 315 3036 1042 3111; baseline -0.006 -14"><span class='ocrx_word' id='word_1_263' title='bbox 315 3054 346 3097; x_wconf 76' lang='lat' dir='ltr'><strong>v.</strong></span> <span class='ocrx_word' id='word_1_264' title='bbox 367 3036 407 3097; x_wconf 78' lang='lat' dir='ltr'><strong>to</strong></span> <span class='ocrx_word' id='word_1_265' title='bbox 429 3054 495 3111; x_wconf 78' lang='lat' dir='ltr'>sqq.</span> <span class='ocrx_word' id='word_1_266' title='bbox 1039 3039 1042 3043; x_wconf 84' lang='lat'>&#39;</span> 
     </span>
     <span class='ocr_line' id='line_1_31' title="bbox 474 3134 1410 3219; baseline 0.005 -22"><span class='ocrx_word' id='word_1_267' title='bbox 474 3134 512 3197; x_wconf 76' lang='lat' dir='ltr'><strong>’a</strong></span> <span class='ocrx_word' id='word_1_268' title='bbox 530 3142 616 3217; x_wconf 82' lang='grc' dir='ltr'><strong><em>πότερ</em></strong></span> <span class='ocrx_word' id='word_1_269' title='bbox 633 3140 758 3218; x_wconf 76' lang='grc' dir='ltr'><strong><em>ἡμίτερε,</em></strong></span> <span class='ocrx_word' id='word_1_270' title='bbox 777 3144 910 3217; x_wconf 74' lang='grc' dir='ltr'><strong><em>Κρονίδη,</em></strong></span> <span class='ocrx_word' id='word_1_271' title='bbox 930 3141 1019 3201; x_wconf 65' lang='lat' dir='ltr'><strong>iurare</strong></span> <span class='ocrx_word' id='word_1_272' title='bbox 1035 3142 1192 3219; x_wconf 75' lang='grc' dir='ltr'><strong>κρειόντων,</strong></span> <span class='ocrx_word' id='word_1_273' title='bbox 1408 3189 1410 3202; x_wconf 92' lang='grc'>.</span> 
     </span>
     <span class='ocr_line' id='line_1_32' title="bbox 482 3208 1410 3299; baseline 0.002 -33"><span class='ocrx_word' id='word_1_274' title='bbox 482 3216 530 3267; x_wconf 77' lang='grc' dir='ltr'><strong>καὶ</strong></span> <span class='ocrx_word' id='word_1_275' title='bbox 545 3217 608 3299; x_wconf 80' lang='grc' dir='ltr'><strong><em>λίρν</em></strong></span> <span class='ocrx_word' id='word_1_276' title='bbox 624 3208 713 3273; x_wconf 84' lang='grc' dir='ltr'><strong><em>κεῖνός</em></strong></span> <span class='ocrx_word' id='word_1_277' title='bbox 730 3230 763 3283; x_wconf 74' lang='grc' dir='ltr'><strong>γε</strong></span> <span class='ocrx_word' id='word_1_278' title='bbox 779 3208 879 3267; x_wconf 73' lang='grc' dir='ltr'><strong><em>ἐοικότι</em></strong></span> <span class='ocrx_word' id='word_1_279' title='bbox 894 3219 984 3267; x_wconf 83' lang='grc' dir='ltr'><strong><em>κεῖται</em></strong></span> <span class='ocrx_word' id='word_1_280' title='bbox 999 3213 1114 3287; x_wconf 66' lang='grc' dir='ltr'><strong><em>ὀλέθρῳ.</em></strong></span> <span class='ocrx_word' id='word_1_281' title='bbox 1408 3215 1410 3272; x_wconf 80' lang='lat' dir='ltr'><strong>t</strong></span> 
     </span>
     <span class='ocr_line' id='line_1_33' title="bbox 479 3274 1196 3356; baseline 0.003 -21"><span class='ocrx_word' id='word_1_282' title='bbox 479 3279 517 3341; x_wconf 77' lang='grc' dir='ltr'><strong>ὦς</strong></span> <span class='ocrx_word' id='word_1_283' title='bbox 533 3280 662 3336; x_wconf 75' lang='grc' dir='ltr'><strong><em>ἀπόλοιτο</em></strong></span> <span class='ocrx_word' id='word_1_284' title='bbox 681 3282 729 3334; x_wconf 73' lang='grc' dir='ltr'><strong>καὶ</strong></span> <span class='ocrx_word' id='word_1_285' title='bbox 746 3274 836 3348; x_wconf 76' lang='grc' dir='ltr'><strong><em>ἄλλος,</em></strong></span> <span class='ocrx_word' id='word_1_286' title='bbox 855 3278 910 3341; x_wconf 81' lang='grc' dir='ltr'><strong><em>ὅτις</em></strong></span> <span class='ocrx_word' id='word_1_287' title='bbox 925 3278 1036 3335; x_wconf 72' lang='grc' dir='ltr'><strong><em>τοιαῦτά</em></strong></span> <span class='ocrx_word' id='word_1_288' title='bbox 1052 3301 1085 3353; x_wconf 77' lang='grc' dir='ltr'><strong>γε</strong></span> <span class='ocrx_word' id='word_1_289' title='bbox 1101 3283 1196 3356; x_wconf 59' lang='grc' dir='ltr'><strong><em>ῥέζοι,</em></strong></span> 
     </span>
     <span class='ocr_line' id='line_1_34' title="bbox 479 3342 1190 3424; baseline 0.006 -23"><span class='ocrx_word' id='word_1_290' title='bbox 479 3344 548 3401; x_wconf 71' lang='lat' dir='ltr'><strong>citici</strong></span> <span class='ocrx_word' id='word_1_291' title='bbox 566 3368 615 3413; x_wconf 84' lang='grc' dir='ltr'><strong><em>μοι</em></strong></span> <span class='ocrx_word' id='word_1_292' title='bbox 632 3344 701 3419; x_wconf 77' lang='grc' dir='ltr'><strong><em>ἀμφ’</em></strong></span> <span class='ocrx_word' id='word_1_293' title='bbox 718 3346 832 3415; x_wconf 79' lang='grc' dir='ltr'><strong><em>Ὀδυσῆι·</em></strong></span> <span class='ocrx_word' id='word_1_294' title='bbox 847 3348 980 3423; x_wconf 76' lang='grc' dir='ltr'><strong><em>δαΐφρονι</em></strong></span> <span class='ocrx_word' id='word_1_295' title='bbox 996 3351 1102 3406; x_wconf 79' lang='grc' dir='ltr'><strong><em>δαίεται</em></strong></span> <span class='ocrx_word' id='word_1_296' title='bbox 1115 3342 1190 3424; x_wconf 79' lang='grc' dir='ltr'><strong><em>ἦτορ,</em></strong></span> 
     </span>
     <span class='ocr_line' id='line_1_35' title="bbox 478 3414 683 3491; baseline 0 -18"><span class='ocrx_word' id='word_1_297' title='bbox 478 3414 609 3491; x_wconf 79' lang='grc' dir='ltr'><strong><em>δυσμόρῳ</em></strong></span> <span class='ocrx_word' id='word_1_298' title='bbox 628 3416 683 3475; x_wconf 66' lang='lat' dir='ltr'><strong>art.</strong></span> 
     </span>
     <span class='ocr_line' id='line_1_36' title="bbox 314 3507 1351 3611; baseline 0.008 -30"><span class='ocrx_word' id='word_1_299' title='bbox 314 3516 450 3597; x_wconf 83' lang='lat' dir='ltr'><strong>Namque</strong></span> <span class='ocrx_word' id='word_1_300' title='bbox 475 3521 509 3580; x_wconf 87' lang='lat' dir='ltr'><strong>in</strong></span> <span class='ocrx_word' id='word_1_301' title='bbox 532 3522 629 3601; x_wconf 73' lang='lat' dir='ltr'><strong>verbio</strong></span> <span class='ocrx_word' id='word_1_302' title='bbox 655 3516 721 3581; x_wconf 81' lang='lat' dir='ltr'><strong>bie:</strong></span> <span class='ocrx_word' id='word_1_303' title='bbox 749 3507 836 3583; x_wconf 79' lang='grc' dir='ltr'><strong><em>ἄλλό</em></strong></span> <span class='ocrx_word' id='word_1_304' title='bbox 855 3540 916 3599; x_wconf 82' lang='grc' dir='ltr'><strong><em>μοι</em></strong></span> <span class='ocrx_word' id='word_1_305' title='bbox 936 3510 1020 3606; x_wconf 79' lang='grc' dir='ltr'><em>ἄμφ’</em></span> <span class='ocrx_word' id='word_1_306' title='bbox 1039 3512 1180 3604; x_wconf 76' lang='grc' dir='ltr'><strong><em>Ὀδυσῆΐ</em></strong></span> <span class='ocrx_word' id='word_1_307' title='bbox 1197 3520 1351 3611; x_wconf 80' lang='grc' dir='ltr'><strong><em>δαΐφρονι</em></strong></span> 
     </span>
     <span class='ocr_line' id='line_1_37' title="bbox 315 3592 1351 3689; baseline 0.001 -21"><span class='ocrx_word' id='word_1_308' title='bbox 315 3599 446 3668; x_wconf 77' lang='grc' dir='ltr'><strong><em>δαίεται</em></strong></span> <span class='ocrx_word' id='word_1_309' title='bbox 467 3592 550 3689; x_wconf 81' lang='grc' dir='ltr'><strong><em>ἦτορ</em></strong></span> <span class='ocrx_word' id='word_1_310' title='bbox 572 3596 649 3681; x_wconf 60' lang='lat' dir='ltr'><strong>aab,</strong></span> <span class='ocrx_word' id='word_1_311' title='bbox 669 3604 812 3681; x_wconf 86' lang='lat' dir='ltr'><strong>particula</strong></span> <span class='ocrx_word' id='word_1_312' title='bbox 833 3596 920 3666; x_wconf 76' lang='grc' dir='ltr'><strong>ἀλλὰ</strong></span> <span class='ocrx_word' id='word_1_313' title='bbox 942 3626 999 3681; x_wconf 85' lang='lat' dir='ltr'><strong>per</strong></span> <span class='ocrx_word' id='word_1_314' title='bbox 1020 3625 1051 3664; x_wconf 81' lang='grc' dir='ltr'><strong><em>ιο</em></strong></span> <span class='ocrx_word' id='word_1_315' title='bbox 1072 3604 1151 3664; x_wconf 87' lang='lat' dir='ltr'><strong>nihil</strong></span> <span class='ocrx_word' id='word_1_316' title='bbox 1172 3607 1351 3685; x_wconf 73' lang='lat' dir='ltr'><strong>nlindsigni·</strong></span> 
     </span>
     <span class='ocr_line' id='line_1_38' title="bbox 314 3684 1349 3768; baseline 0.003 -23"><span class='ocrx_word' id='word_1_317' title='bbox 314 3686 392 3763; x_wconf 82' lang='lat' dir='ltr'><strong>fleat,</strong></span> <span class='ocrx_word' id='word_1_318' title='bbox 412 3687 471 3746; x_wconf 77' lang='lat' dir='ltr'><strong>uisi</strong></span> <span class='ocrx_word' id='word_1_319' title='bbox 492 3684 581 3747; x_wconf 78' lang='lat' dir='ltr'><strong>otiam</strong></span> <span class='ocrx_word' id='word_1_320' title='bbox 601 3708 660 3747; x_wconf 80' lang='lat' dir='ltr'><strong>rent</strong></span> <span class='ocrx_word' id='word_1_321' title='bbox 680 3708 750 3759; x_wconf 82' lang='lat' dir='ltr'><strong>oeae,</strong></span> <span class='ocrx_word' id='word_1_322' title='bbox 772 3708 860 3764; x_wconf 86' lang='lat' dir='ltr'><strong>qnam</strong></span> <span class='ocrx_word' id='word_1_323' title='bbox 877 3709 956 3746; x_wconf 91' lang='lat' dir='ltr'><strong>nuno</strong></span> <span class='ocrx_word' id='word_1_324' title='bbox 975 3687 1086 3747; x_wconf 85' lang='lat' dir='ltr'><strong>dictura</strong></span> <span class='ocrx_word' id='word_1_325' title='bbox 1106 3686 1303 3768; x_wconf 81' lang='lat' dir='ltr'><strong>aitMinerra,</strong></span> <span class='ocrx_word' id='word_1_326' title='bbox 1322 3704 1349 3751; x_wconf 86' lang='lat' dir='ltr'><strong>et</strong></span> 
     </span>
     <span class='ocr_line' id='line_1_39' title="bbox 314 3770 1349 3853; baseline 0.003 -21"><span class='ocrx_word' id='word_1_327' title='bbox 314 3773 356 3833; x_wconf 83' lang='lat' dir='ltr'><strong>aio</strong></span> <span class='ocrx_word' id='word_1_328' title='bbox 384 3770 501 3831; x_wconf 83' lang='lat' dir='ltr'><strong>demum</strong></span> <span class='ocrx_word' id='word_1_329' title='bbox 526 3772 673 3846; x_wconf 84' lang='lat' dir='ltr'><strong>componit</strong></span> <span class='ocrx_word' id='word_1_330' title='bbox 699 3774 779 3830; x_wconf 88' lang='lat' dir='ltr'><strong>inter</strong></span> <span class='ocrx_word' id='word_1_331' title='bbox 805 3791 837 3830; x_wconf 83' lang='lat' dir='ltr'><strong>ee</strong></span> <span class='ocrx_word' id='word_1_332' title='bbox 864 3774 1020 3832; x_wconf 79' lang='lat' dir='ltr'><strong>sententiaa</strong></span> <span class='ocrx_word' id='word_1_333' title='bbox 1048 3792 1158 3847; x_wconf 82' lang='lat' dir='ltr'><strong>eaeque</strong></span> <span class='ocrx_word' id='word_1_334' title='bbox 1186 3777 1349 3853; x_wconf 78' lang='lat' dir='ltr'><strong>coniungit:</strong></span> 
     </span>
     <span class='ocr_line' id='line_1_40' title="bbox 314 3850 1349 3932; baseline 0.005 -18"><span class='ocrx_word' id='word_1_335' title='bbox 314 3857 464 3915; x_wconf 74' lang='lat' dir='ltr'><strong>nicetiana</strong></span> <span class='ocrx_word' id='word_1_336' title='bbox 485 3855 518 3912; x_wconf 92' lang='lat' dir='ltr'><strong>in</strong></span> <span class='ocrx_word' id='word_1_337' title='bbox 540 3854 681 3927; x_wconf 70' lang='lat' dir='ltr'><strong>Octysoeoe</strong></span> <span class='ocrx_word' id='word_1_338' title='bbox 699 3852 778 3912; x_wconf 91' lang='lat' dir='ltr'><strong>libro</strong></span> <span class='ocrx_word' id='word_1_339' title='bbox 794 3850 883 3913; x_wconf 89' lang='lat' dir='ltr'>XIV.</span> <span class='ocrx_word' id='word_1_340' title='bbox 905 3876 933 3914; x_wconf 81' lang='grc' dir='ltr'><strong>τ.</strong></span> <span class='ocrx_word' id='word_1_341' title='bbox 956 3860 996 3914; x_wconf 77' lang='lat'><strong>32</strong></span> <span class='ocrx_word' id='word_1_342' title='bbox 1018 3876 1095 3932; x_wconf 62' lang='lat' dir='ltr'><strong>sqq„</strong></span> <span class='ocrx_word' id='word_1_343' title='bbox 1115 3878 1173 3930; x_wconf 83' lang='lat' dir='ltr'><strong>qno</strong></span> <span class='ocrx_word' id='word_1_344' title='bbox 1195 3857 1260 3918; x_wconf 88' lang='lat' dir='ltr'><strong>loco</strong></span> <span class='ocrx_word' id='word_1_345' title='bbox 1275 3857 1349 3919; x_wconf 80' lang='lat' dir='ltr'><strong>flar-</strong></span> 
     </span>
     <span class='ocr_line' id='line_1_41' title="bbox 314 3936 1184 4015; baseline 0.003 -19"><span class='ocrx_word' id='word_1_346' title='bbox 314 3938 433 4015; x_wconf 78' lang='lat' dir='ltr'><strong>tungina</strong></span> <span class='ocrx_word' id='word_1_347' title='bbox 452 3937 474 3997; x_wconf 87' lang='grc'><strong>1.</strong></span> <span class='ocrx_word' id='word_1_348' title='bbox 497 3936 518 3995; x_wconf 86' lang='lat' dir='ltr'><strong>i.</strong></span> <span class='ocrx_word' id='word_1_349' title='bbox 540 3938 572 3995; x_wconf 90' lang='lat' dir='ltr'><strong>iu</strong></span> <span class='ocrx_word' id='word_1_350' title='bbox 596 3937 698 3995; x_wconf 86' lang='lat' dir='ltr'><strong>eadem</strong></span> <span class='ocrx_word' id='word_1_351' title='bbox 716 3958 818 4000; x_wconf 81' lang='lat' dir='ltr'><strong>caneea</strong></span> <span class='ocrx_word' id='word_1_352' title='bbox 838 3940 939 4015; x_wconf 87' lang='lat' dir='ltr'><strong>utitur,</strong></span> <span class='ocrx_word' id='word_1_353' title='bbox 959 3958 1006 3997; x_wconf 80' lang='lat' dir='ltr'><strong>rea</strong></span> <span class='ocrx_word' id='word_1_354' title='bbox 1027 3960 1061 4000; x_wconf 82' lang='lat' dir='ltr'><strong>ae</strong></span> <span class='ocrx_word' id='word_1_355' title='bbox 1079 3938 1184 4000; x_wconf 74' lang='lat' dir='ltr'><strong>habete</strong></span> 
     </span>
     <span class='ocr_line' id='line_1_42' title="bbox 442 4037 1220 4122; baseline 0.003 -19"><span class='ocrx_word' id='word_1_356' title='bbox 442 4046 537 4103; x_wconf 71' lang='grc' dir='ltr'><strong><em>’Ἔνθα</em></strong></span> <span class='ocrx_word' id='word_1_357' title='bbox 555 4067 603 4105; x_wconf 87' lang='grc' dir='ltr'><strong>κεν</strong></span> <span class='ocrx_word' id='word_1_358' title='bbox 620 4037 643 4119; x_wconf 75' lang='grc' dir='ltr'><em>ᾧ</em></span> <span class='ocrx_word' id='word_1_359' title='bbox 658 4046 716 4121; x_wconf 69' lang='lat' dir='ltr'><strong>accip</strong></span> <span class='ocrx_word' id='word_1_360' title='bbox 733 4052 849 4119; x_wconf 74' lang='grc' dir='ltr'><strong><em>σταθμῷ</em></strong></span> <span class='ocrx_word' id='word_1_361' title='bbox 867 4049 1002 4106; x_wconf 75' lang='grc' dir='ltr'><strong><em>ἀεικέλιον</em></strong></span> <span class='ocrx_word' id='word_1_362' title='bbox 1018 4046 1111 4107; x_wconf 72' lang='grc' dir='ltr'><strong><em>πόθεν</em></strong></span> <span class='ocrx_word' id='word_1_363' title='bbox 1128 4048 1220 4122; x_wconf 70' lang='grc' dir='ltr'><strong><em>ἄλγος.</em></strong></span> 
     </span>
     <span class='ocr_line' id='line_1_43' title="bbox 451 4108 1159 4192; baseline 0.001 -19"><span class='ocrx_word' id='word_1_364' title='bbox 451 4114 520 4173; x_wconf 78' lang='grc' dir='ltr'><strong>ἀλλὰ</strong></span> <span class='ocrx_word' id='word_1_365' title='bbox 537 4114 657 4186; x_wconf 62' lang='lat' dir='ltr'><strong>oppinione</strong></span> <span class='ocrx_word' id='word_1_366' title='bbox 674 4108 731 4171; x_wconf 84' lang='grc' dir='ltr'><strong><em>τόκα</em></strong></span> <span class='ocrx_word' id='word_1_367' title='bbox 748 4122 816 4173; x_wconf 82' lang='grc' dir='ltr'><strong><em>ποσὶ</em></strong></span> <span class='ocrx_word' id='word_1_368' title='bbox 832 4125 992 4192; x_wconf 84' lang='grc' dir='ltr'><strong><em>κραιπνοῖσι</em></strong></span> <span class='ocrx_word' id='word_1_369' title='bbox 1007 4116 1159 4190; x_wconf 78' lang='grc' dir='ltr'><strong><em>μετασπών</em></strong></span> 
     </span>
     <span class='ocr_line' id='line_1_44' title="bbox 449 4181 1214 4263; baseline 0.003 -22"><span class='ocrx_word' id='word_1_370' title='bbox 449 4184 535 4241; x_wconf 78' lang='grc' dir='ltr'><strong><em>ἔσσυτ’</em></strong></span> <span class='ocrx_word' id='word_1_371' title='bbox 554 4184 608 4242; x_wconf 81' lang='grc' dir='ltr'><strong>όνὰ</strong></span> <span class='ocrx_word' id='word_1_372' title='bbox 624 4181 777 4260; x_wconf 72' lang='grc' dir='ltr'><strong><em>πρόθυρον,</em></strong></span> <span class='ocrx_word' id='word_1_373' title='bbox 798 4188 879 4247; x_wconf 84' lang='grc' dir='ltr'><strong><em>κῦτος</em></strong></span> <span class='ocrx_word' id='word_1_374' title='bbox 896 4188 931 4241; x_wconf 81' lang='grc' dir='ltr'><strong>δέ</strong></span> <span class='ocrx_word' id='word_1_375' title='bbox 946 4190 974 4241; x_wconf 85' lang='lat' dir='ltr'><strong>ot</strong></span> <span class='ocrx_word' id='word_1_376' title='bbox 993 4188 1092 4242; x_wconf 76' lang='grc' dir='ltr'><strong><em>ἔκπεσε</em></strong></span> <span class='ocrx_word' id='word_1_377' title='bbox 1104 4184 1214 4263; x_wconf 85' lang='grc' dir='ltr'><strong><em>χειρός.,</em></strong></span> 
     </span>
     <span class='ocr_line' id='line_1_45' title="bbox 313 4282 1410 4369; baseline 0.005 -24"><span class='ocrx_word' id='word_1_378' title='bbox 313 4289 364 4348; x_wconf 87' lang='lat' dir='ltr'><strong>ubi</strong></span> <span class='ocrx_word' id='word_1_379' title='bbox 381 4290 420 4346; x_wconf 87' lang='lat' dir='ltr'><strong>ita</strong></span> <span class='ocrx_word' id='word_1_380' title='bbox 443 4288 560 4349; x_wconf 83' lang='lat' dir='ltr'><strong>demum</strong></span> <span class='ocrx_word' id='word_1_381' title='bbox 579 4291 722 4366; x_wconf 79' lang='lat' dir='ltr'><strong>particula</strong></span> <span class='ocrx_word' id='word_1_382' title='bbox 744 4282 830 4353; x_wconf 76' lang='grc' dir='ltr'><strong>ἀλλὰ</strong></span> <span class='ocrx_word' id='word_1_383' title='bbox 850 4291 926 4351; x_wconf 81' lang='lat' dir='ltr'><strong>duae</strong></span> <span class='ocrx_word' id='word_1_384' title='bbox 947 4312 996 4353; x_wconf 79' lang='lat' dir='ltr'><strong>ree</strong></span> <span class='ocrx_word' id='word_1_385' title='bbox 1017 4295 1249 4369; x_wconf 75' lang='lat' dir='ltr'><strong>coniunguntur,</strong></span> <span class='ocrx_word' id='word_1_386' title='bbox 1271 4292 1345 4369; x_wconf 81' lang='lat' dir='ltr'><strong>qnod</strong></span> <span class='ocrx_word' id='word_1_387' title='bbox 1408 4321 1410 4328; x_wconf 92' lang='grc'><strong><em>·</em></strong></span> 
     </span>
     <span class='ocr_line' id='line_1_46' title="bbox 313 4370 1346 4453; baseline 0.005 -23"><span class='ocrx_word' id='word_1_388' title='bbox 313 4388 350 4430; x_wconf 84' lang='lat' dir='ltr'><strong>ea</strong></span> <span class='ocrx_word' id='word_1_389' title='bbox 375 4370 520 4429; x_wconf 81' lang='lat' dir='ltr'><strong>iudicatur</strong></span> <span class='ocrx_word' id='word_1_390' title='bbox 541 4372 620 4432; x_wconf 81' lang='lat' dir='ltr'><strong>aliud</strong></span> <span class='ocrx_word' id='word_1_391' title='bbox 648 4374 758 4434; x_wconf 81' lang='lat' dir='ltr'><strong>sactum</strong></span> <span class='ocrx_word' id='word_1_392' title='bbox 784 4372 942 4453; x_wconf 71' lang='lat' dir='ltr'><strong>lacaenae,</strong></span> <span class='ocrx_word' id='word_1_393' title='bbox 978 4375 1057 4451; x_wconf 80' lang='lat' dir='ltr'><strong>quod</strong></span> <span class='ocrx_word' id='word_1_394' title='bbox 1085 4377 1144 4435; x_wconf 85' lang='lat' dir='ltr'><strong>iam</strong></span> <span class='ocrx_word' id='word_1_395' title='bbox 1172 4380 1346 4452; x_wconf 83' lang='lat' dir='ltr'><strong>narrabitur,</strong></span> 
     </span>
    </p>
   </div>
   <div class='ocr_carea' id='block_1_3' title="bbox 0 0 1430 4842">
    <p class='ocr_par' dir='ltr' id='par_1_3' title="bbox 0 0 1430 4842">
     <span class='ocr_line' id='line_1_47' title="bbox 0 0 1430 4842; baseline 0 0"><span class='ocrx_word' id='word_1_396' title='bbox 0 0 1430 4842; x_wconf 95' lang='lat' dir='ltr'><strong> </strong></span> 
     </span>
    </p>
   </div>
  </div>
 </body>
</html>
