2850 4842
289 431 334 505 24
646 432 652 439 '
749 423 876 497 itit.

291 604 373 666 uullo
394 602 482 664 morlo
502 605 597 679 prima
617 601 780 679 particulae
797 603 843 663 vis
864 602 973 665 omissa
987 606 1041 661 ast.
1083 598 1202 663 Naroai
1214 599 1345 664 Dicaeo-

292 689 369 764 polis
389 691 424 747 in
443 686 652 763 Aristophanis
672 686 901 745 Automatias
921 707 951 746 r.
974 691 1034 747 17³
1049 705 1106 763 sup,
1127 694 1284 765 postquam
1302 688 1343 757 ab

293 772 367 833 ficus
386 773 448 834 illis
468 773 600 834 barbaris
620 772 759 831 iniuriam
781 772 902 847 accepit,
927 768 1021 830 ‹lixitr
1206 766 1208 771 ’

522 906 605 973 Οἴμοι
621 898 712 969 τάλας,
729 896 871 971 μυττωτὸν
886 896 954 971 ὅσον
971 896 1110 969 ἀπώλεσα,
1194 912 1197 917 ·

294 1034 356 1085 tum
377 1032 484 1102 autem,
505 1016 556 1085 ubi
576 1023 713 1099 adspexit
732 1019 962 1099 Amphitheam,
983 1024 1023 1082 ita
1047 1025 1163 1099 pergltr

474 1144 542 1199 ’Ait‘
562 1145 592 1201 ἐκ
609 1146 825 1217 Λακεδαίμονος
842 1116 898 1219 yicp
913 1142 1068 1217 Ἀμφίθεος
1084 1142 1145 1201 ὁδί·

370 1267 374 1271 .
473 1212 560 1288 χαῖρ’,
575 1214 732 1286 ’approac,

295 1347 356 1391 uon
384 1334 467 1386 vacat
492 1329 636 1403 particula
662 1318 741 1412 γάρ,
771 1326 822 1387 setl
845 1329 908 1402 ipsa
929 1348 1047 1403 quoquc
1067 1328 1211 1387 rationem
1234 1329 1345 1408 rcltlit,
1380 1364 1384 1370 ·

270 1445 274 1451 ·
296 1432 348 1469 cur
365 1408 438 1471 hacc
459 1414 591 1473 iniecerit
612 1411 813 1487 Dicacopolis.
857 1410 973 1470 Etenim
994 1410 1051 1470 lroc
1071 1412 1135 1471 scrc
1155 1412 1263 1473 dicitur
1284 1418 1344 1475 isto

296 1494 379 1558 locor
408 1497 465 1555 Sctl
485 1503 558 1557 cuim
579 1499 625 1557 itio
650 1504 691 1555 ost
713 1494 899 1572 Amplithcuc
922 1496 1150 1555 Lacedaemona:
1177 1499 1272 1571 aulos,
1301 1504 1345 1558 rui

271 1590 273 1597 '
297 1580 395 1650 torro,
423 1590 470 1655 ut,
494 1585 521 1643 si
543 1579 654 1640 Gracco
677 1579 792 1655 solvas,
818 1580 858 1637 sic
877 1579 1015 1653 procedat
1034 1582 1141 1638 oratior
1171 1572 1277 1644 Ἀλλὰ
1299 1616 1343 1632 —-

297 1658 335 1724 ἐκ
348 1660 607 1743 Λακεδαίμονος
620 1658 684 1749 γὰρ
699 1654 889 1745 Ἀμφίθεος
906 1654 964 1725 ὁδί
977 1696 1021 1709 -
1034 1655 1131 1747 χαῖρ’,
1147 1652 1344 1747 'Attalicas

298 1744 389 1824 Quod
415 1768 469 1805 nos
499 1748 644 1810 dicamus:
680 1747 756 1805 Alter
781 1747 819 1805 tlo
845 1751 883 1803 ut
905 1747 943 1821 jo
962 1746 1145 1824 Aurplitlteoa
1167 1767 1221 1805 uus
1243 1751 1345 1809 Lala-

298 1830 417 1898 tlucruort
439 1834 560 1904 sucida,-
578 1837 620 1890 cci
639 1836 777 1907 popiciaci,
798 1830 990 1907 Amprltit-lrcoc.
1032 1828 1137 1905 Neque
1150 1839 1248 1913 tamen
1260 1836 1343 1908 quis·-

299 1934 388 1985 quam
398 1916 430 1971 iu
442 1913 487 1973 lris
499 1916 571 1974 lotis
585 1913 698 1973 Graeca
710 1915 800 1972 uerba
812 1914 853 1970 ita
865 1914 1062 1989 interpungo,
1073 1935 1161 1989 quem
1174 1914 1212 1973 ad
1223 1916 1343 1979 modum

297 2016 352 2055 uos
381 1996 504 2057 docendi
533 2018 631 2057 caussa
658 1996 746 2055 modo
772 1996 911 2071 lecimus,
940 2006 1077 2073 rectaque
1098 1994 1131 2057 G.
1152 1996 1287 2061 chius
1308 2004 1343 2061 in

298 2076 423 2158 Sylloge
447 2083 505 2142 vol.
527 2080 568 2141 ll.
589 2104 619 2157 p.
643 2086 715 2139 139.
742 2084 922 2157 retractavit,
952 2081 1031 2155 quod
1050 2084 1083 2142 iu
1103 2079 1258 2159 Sophoclis
1276 2087 1344 2145 Ar-

297 2169 396 2248 tiporru
416 2186 445 2227 r.
468 2171 530 2227 390
550 2188 617 2242 sqq.
639 2164 811 2240 scripseratr‘

495 2286 575 2356 Ἀλλ’,
593 2284 683 2371 ιὶγὰρ
701 2283 777 2348 ἐκτὸς
795 2285 842 2339 xol
859 2283 923 2357 παρ’
942 2284 1057 2351 ἐλπίδας,
1067 2286 1143 2363 χαρὰ

499 2358 589 2411 ἔοικεν
604 2358 671 2428 clip
687 2358 776 2425 μῆκος
794 2352 876 2408 oiotv
893 2352 988 2422 ἡδονῆ,
1163 2370 1165 2375 ·

498 2423 564 2493 ἥκω,
583 2422 615 2477 δι’
635 2421 726 2496 ὅρκων
741 2428 840 2497 καίπερ
858 2418 899 2479 ὢν
914 2412 1062 2494 opiparor
1078 2422 1133 2479 κτὲ.

297 2535 435 2613 Namque
455 2540 529 2597 istac
549 2536 710 2613 particulae
730 2535 778 2600 lais
797 2540 831 2595 iu
848 2537 929 2612 locis,
949 2540 991 2596 uti
1011 2536 1117 2596 (lictum
1138 2544 1190 2615 cst,
1212 2539 1253 2599 ita
1274 2561 1342 2601 ooa-

296 2618 423 2696 lucrnnt,
445 2630 476 2681 ut
496 2616 558 2685 ianr
576 2641 666 2680 uuam
686 2623 834 2681 notionem
856 2618 993 2696 efficiant,
1013 2642 1088 2696 quac
1102 2623 1166 2681 sinc
1180 2628 1341 2688 sententiaa

298 2702 473 2766 detrimento
503 2708 588 2764 ctiam
617 2707 676 2778 ibi,
706 2706 757 2764 ubi
786 2707 894 2779 patitur
919 2704 975 2763 hoc
1001 2706 1151 2768 collocatio
1173 2708 1341 2786 uerborum,

298 2790 456 2862 scriptione
480 2788 579 2848 dirimi
599 2809 633 2847 ac
653 2788 746 2849 dividi
767 2789 849 2847 uullo
871 2796 955 2863 pacto
975 2790 1076 2862 possit.

381 2870 480 2953 Quem
501 2871 677 2932 admodum
698 2872 855 2947 particulae
878 2865 964 2939 ἀλλὰ
987 2908 1025 2917 -
1047 2865 1119 2957 stip,
1142 2876 1197 2935 etsi
1217 2882 1341 2950 utroquo

206 2956 211 2963 '
296 2956 441 3027 particulo
465 2978 547 3018 suam
572 2960 633 3017 uim
658 2958 746 3015 facila
776 2963 890 3030 tuctur,
921 2965 1016 3017 tarncn
1042 2976 1274 3030 saepenumero
1299 2962 1342 3017 ita

298 3040 466 3099 couiuuctao
487 3040 634 3117 leguntur,
654 3050 687 3098 ut
709 3042 793 3116 quasi
811 3060 899 3098 uuam
921 3042 1071 3099 uotioucm
1092 3038 1206 3101 efficere
1220 3042 1341 3101 videaur-t

113 3126 280 3209 Ἀλλὰ-γέ,
298 3128 361 3199 tur,
394 3125 495 3183 codem
516 3124 603 3183 morlo
625 3127 713 3184 ctiam
732 3124 890 3198 particulae
912 3114 997 3185 ἀλλὰ
1020 3137 1059 3169 -“
1080 3114 1133 3203 γε’,
1163 3127 1205 3183 ita
1225 3122 1340 3201 oonipo-
1388 3118 1391 3125 ⁴

298 3210 370 3266 aitac
392 3217 421 3271 et
441 3211 612 3291 coniugatus
626 3210 760 3267 sarmone
774 3216 852 3284 suut,
872 3214 904 3264 ut
918 3228 1097 3283 quamquam
1108 3228 1190 3267 suom
1206 3230 1340 3290 quaeque

298 3293 360 3351 vim
372 3298 467 3352 seruat
482 3329 518 3341 -
535 3295 643 3353 etenim
657 3283 744 3354 ἀλλὰ
757 3294 962 3366 oppositionis,
975 3288 1011 3372 γὲ
1024 3301 1118 3350 autem
1130 3291 1339 3373 adlimaationis

299 3375 541 3451 significationem
561 3376 659 3450 habat,
680 3379 706 3434 si
722 3378 789 3450 quis
799 3378 902 3435 iurcm
916 3375 1083 3450 diligentius
1094 3378 1282 3458 inquisiverit
1299 3412 1338 3424 —

298 3467 397 3517 tamen
427 3461 517 3521 altcra
545 3462 668 3520 alteram
697 3459 831 3523 adiuvat:
864 3480 922 3541 quo
952 3458 1102 3535 efficitur,·
1121 3470 1153 3525 ut
1175 3462 1264 3520 ctiam
1284 3460 1342 3523 hac

297 3542 469 3624 particulae,
492 3544 711 3608 dissimiliumac
732 3543 801 3603 illac
826 3542 944 3622 puidam
967 3564 1020 3617 per
1041 3564 1114 3619 aesc,
1134 3565 1223 3605 uuam
1245 3554 1341 3607 tamon

297 3646 364 3711 rcus
381 3626 544 3703 ‚declarare
579 3638 667 3711 atquo
698 3630 891 3687 consociatam
922 3626 1067 3701 quandam
1099 3629 1341 3705 significationum

297 3708 407 3771 ltabera
433 3712 595 3772 videantur.
643 3710 688 3771 lta
713 3722 810 3773 autern
838 3710 979 3771 differunt
1005 3712 1165 3787 particulae
1194 3703 1280 3776 itit
1300 3710 1339 3759 -’

189 3820 192 3826 ·
298 3788 362 3884 γὰρ
376 3804 405 3855 ct
420 3786 506 3869 ἀλλὰ
522 3832 560 3841 -
573 3791 622 3876 γέ,
636 3804 679 3870 nt,
696 3817 786 3872 quom
800 3789 864 3879 γὰρ
878 3804 907 3854 et
919 3792 1092 3855 adfirmandi
1105 3805 1135 3855 at
1149 3796 1340 3857 concludendi

297 3882 359 3939 vim
377 3877 492 3953 lrabeat,
513 3880 589 3954 quod
611 3881 802 3952 compositum
821 3889 866 3939 cst
879 3900 918 3939 cx
930 3880 1079 3954 particulis
1096 3876 1131 3959 γὲ
1143 3890 1171 3939 ct
1183 3869 1260 3964 ἷὶρα,
1284 3902 1341 3955 qua

261 4000 271 4015 -
298 3961 335 4022 dc
358 3983 390 4022 rc
412 3984 464 4021 suo
486 3964 548 4021 loco
571 3964 729 4021 accuratius
750 3963 944 4039 explicabitur
963 3963 1000 4022 ad
1020 3986 1051 4039 p.
1073 3967 1143 4039 48.,
1172 3960 1210 4043 γὲ,
1230 3974 1339 4029 tautum

298 4046 483 4121 adfirmandi,
507 4049 550 4106 sic
574 4049 662 4106 ctiam
682 4047 841 4122 particulis
858 4040 944 4109 ἀλλὰ
965 4040 1007 4093 ⁴..
1028 4041 1092 4128 yolo
1113 4058 1231 4127 praeter
1249 4070 1338 4123 oppo-

298 4132 432 4193 sitionem
453 4140 481 4190 et
495 4130 657 4190 adfirmatio
672 4141 700 4192 ct
713 4132 859 4193 conclusio
874 4133 1063 4206 exprimatur,
1081 4130 1231 4209 particulis
1244 4142 1337 4190 antam

299 4203 385 4275 itti
408 4249 446 4258 —
471 4210 508 4292 γὲ
536 4225 647 4274 tantum
673 4215 761 4274 modo
788 4217 937 4290 oppositio
965 4224 996 4275 ct
1023 4214 1186 4275 adfirmatio
1213 4224 1244 4273 ct
1269 4212 1337 4274 haec

300 4294 429 4376 quidem,
451 4306 483 4361 ut
503 4299 535 4361 iu
556 4299 765 4381 particularum
785 4291 872 4362 ἀλλὰ
890 4332 929 4345 -
947 4293 1010 4387 γὰρ
1032 4300 1248 4361 consociatione
1263 4298 1338 4360 ilem
