2850 4842
306 452 374 562 ill
473 436 478 442 ι
533 522 540 533 ,
802 440 861 519 iia.

307 624 461 705 molunt
478 624 534 685 stit
553 626 616 701 fora
635 626 744 700 fucere,
770 621 858 701 qnod,
884 623 912 685 ei
932 624 975 683 ita
994 640 1041 683 sss
1057 614 1163 699 'ferron
1189 624 1361 697 οοίιιιιιαιι,

308 713 331 770 i.
350 730 378 769 e.
398 706 495 783 quod,
516 716 550 768 ut
571 728 619 769 res
637 709 747 783 ferret,
770 709 932 781 evenisset,
955 711 988 764 nt
1009 706 1143 785 vellent,
1167 710 1281 769 omissa
1306 713 1362 769 ista

307 793 451 871 porticula
472 784 528 865 dv,
559 800 681 853 eventus
703 796 814 849 tantum
835 788 923 849 modo
943 810 1000 865 per
1019 810 1051 850 se
1072 798 1250 867 spectatur,¹
1271 802 1362 867 atque

309 898 345 938 eo
365 876 410 952 fit,
429 883 462 933 ut
482 885 545 935 tum
564 874 709 951 particula
732 882 783 933 aut
801 894 863 933 vox
883 873 1102 950 condicionalis,
1125 866 1157 939 εἰ
1177 876 1231 935 vel
1251 865 1362 951 lignei

308 952 372 1020 tale
395 959 468 1033 quid
492 963 587 1034 magis
614 969 770 1034 urgeatur,
801 957 917 1033 quade
938 978 971 1017 re
993 979 1083 1033 quom
1103 955 1143 1017 G.
1165 956 1360 1020 Hermannns

308 1045 373 1104 l.l.
403 1043 454 1101 lib.
475 1040 515 1102 ll.
540 1064 603 1118 cap.
623 1047 655 1103 7.
677 1065 707 1118 p.
729 1044 768 1100 95
791 1062 857 1116 sqq.
886 1043 1031 1116 copiosius
1054 1040 1270 1120 explicaverit,
1298 1064 1366 1103 non

308 1126 450 1202 estquod
471 1127 633 1202 quidquam
651 1125 701 1186 hic
722 1125 866 1185 adiiciam.

391 1209 471 1269 lllud
492 1220 591 1272 autem
611 1210 688 1285 quod
708 1207 857 1269 Devarius
878 1230 909 1285 p.
929 1214 968 1267 33
985 1227 1032 1283 sq.
1054 1210 1194 1283 exposuit
1217 1208 1257 1269 de
1278 1219 1359 1285 opta-

308 1297 368 1356 tivo
393 1296 426 1353 in
447 1291 535 1356 huius
546 1294 636 1371 ,modi
654 1293 915 1368 enuntiationibus,
936 1292 968 1351 id
990 1292 1112 1352 dehebut
1133 1292 1171 1351 ad
1193 1296 1358 1353 orationem

308 1379 458 1453 obliquam
483 1399 628 1440 revocare.
670 1376 748 1439 Nam
771 1398 861 1452 quom
884 1379 915 1435 in
939 1384 1016 1437 recta
1037 1378 1169 1437 oratione
1193 1376 1357 1437 diceretur:

309 1456 448 1527 ἐπειδὰν
466 1457 606 1540 τάχιστα
627 1452 710 1547 ἀνὴρ
733 1450 819 1525 εἶναι
841 1458 1050 1545 δοκιμασθῇ,
1078 1458 1110 1519 id
1127 1464 1304 1521 rectismme
1327 1464 1357 1521 in

309 1549 441 1606 oratione
470 1547 589 1621 obliqua
618 1548 660 1604 sic
686 1545 784 1621 posuit
806 1542 1022 1603 Demosthenes
1053 1544 1101 1602 Aa
1126 1548 1244 1605 Onetor.
1271 1550 1300 1618 §.
1327 1552 1355 1605 o.

308 1630 356 1692 ed.
387 1627 484 1689 Bekk.
513 1652 545 1705 p.
572 1631 646 1689 865.
673 1628 720 1689 ed.
749 1626 854 1689 lleisk.
895 1620 977 1689 ὥστ’
1001 1621 1038 1690 ἐκ
1065 1627 1130 1689 τῶν
1157 1625 1356 1709 γιγνομένων

309 1704 470 1777 σῦκ’ἕσδ
492 1708 587 1787 ὅστις
608 1704 667 1791 onix
694 1704 800 1793 ‘yeiro
822 1710 887 1773 τῶν
909 1702 1046 1773 εἰδότων
1069 1705 1103 1773 δι’
1182 1732 1228 1792 με
1250 1708 1355 1795 λη’ψε-

309 1798 395 1860 σθαι
421 1786 507 1880 παρ’
531 1786 652 1870 αὐτῶν,
682 1736 821 1859 latitat
841 1783 1083 1875 τάχισταοίνῆρ
1105 1814 1191 1858 eaor
1216 1792 1354 1871 δοκιμα-

308 1875 448 1961 σθείην,
469 1878 638 1953 quadarn
658 1880 856 1953 conterantur,
879 1897 954 1951 quae
976 1878 1197 1938 accuratissume
1218 1882 1353 1953 exposuit

309 1960 347 2021 G.
374 1959 562 2021 Hermannus
592 1963 614 2022 l.
641 1962 663 2021 l.
692 1962 746 2024 lib.
775 1960 831 2021 Ill.
860 1982 923 2036 cap.
949 1964 980 2019 4.
1002 1982 1032 2036 p.
1055 1964 1116 2021 147
1138 1983 1205 2039 sqq.
1251 1960 1302 2022 Sic
1321 1965 1352 2021 in

308 2047 359 2105 illo
384 2048 448 2107 loco
471 2044 699 2121 Demosthenis,
729 2067 787 2120 quo
816 2065 886 2105 usus
916 2052 962 2105 est
984 2043 1129 2105 Devarius
1154 2069 1186 2121 p.
1213 2052 1284 2124 33„
1314 2066 1351 2106 ex
1414 2090 1415 2125 ,

308 2133 441 2190 oratione
463 2132 608 2191 Adversas
627 2131 790 2207 Philippum
810 2131 895 2189 tertie
917 2133 946 2201 §.
970 2131 1020 2187 45.
1045 2128 1091 2189 ed.
1113 2127 1214 2193 Bekk.
1231 2152 1267 2234 p.
1284 2138 1351 2189 122.
1414 2136 1415 2177 l

309 2214 355 2275 ed.
382 2212 491 2275 Reisk.
521 2222 600 2275 recte
627 2212 749 2288 quidem
778 2212 834 2273 dici
864 2214 975 2288 potuit:
1008 2206 1180 2291 Ἐκόλαζον
1208 2210 1230 2276 δ
1265 2208 1351 2277 οὕτω

309 2294 366 2361 καὶ
386 2290 608 2383 ἐτιμωροῦντο
626 2286 686 2371 οῦς
701 2288 742 2359 iia
759 2288 936 2359 αἴσθοιντο
956 2292 1238 2380 δωροδοκοῦντας,
1265 2292 1350 2359 ὥστε
1414 2364 1415 2376 η

309 2378 366 2444 καὶ
386 2378 542 2464 στηλίτας
562 2381 695 2451 ποιεῖν,
718 2387 750 2438 nt
769 2377 802 2438 id
822 2387 900 2439 esset
921 2380 952 2439 in
969 2381 1101 2439 oratione
1116 2390 1202 2454 recta,
1222 2376 1350 2455 honest,

307 2468 415 2522 sinon
440 2485 481 2523 ex
501 2472 598 2523 mente
620 2464 739 2538 eorum,
765 2464 817 2537 qui
837 2472 1002 2523 coercerent
1027 2472 1055 2523 et
1075 2466 1245 2539 poenireut,
1270 2462 1348 2521 dioe-

306 2555 398 2622 retur,
422 2536 482 2621 olic
503 2538 543 2609 dr
562 2538 750 2608 αἴσθωνται
769 2543 1049 2626 δωροδοκοῦντας,
1070 2555 1158 2623 atque
1171 2550 1214 2607 itn
1226 2545 1349 2605 habetur

306 2632 338 2690 iu
367 2630 517 2689 nonnullis
538 2626 674 2688 Belleri
700 2630 785 2688 libris
807 2627 929 2706 Fidon,
957 2629 1008 2689 sad
1033 2651 1123 2705 quom
1143 2631 1252 2706 reliqui
1268 2630 1353 2705 lihri,·

306 2717 339 2774 iu
354 2714 459 2815 quibu'p
472 2715 560 2773 etiam
574 2720 708 2787 optumus
725 2711 819 2773 l’aris.
832 2712 878 2787 Σ,
896 2712 1070 2773 exhibeant:
1092 2700 1151 2790 οῦς
1165 2708 1348 2788 αἴσθοιντο,
1413 2684 1414 2762 l

306 2799 413 2857 omissa
434 2819 475 2859 αν
494 2797 647 2872 particula,
669 2798 702 2857 id
721 2805 800 2858 recte
820 2806 909 2872 atque
931 2796 1032 2857 ordine
1052 2800 1089 2857 ah
1109 2796 1195 2859 lum.
1210 2796 1346 2858 Bekkero

307 2889 456 2957 receptum
478 2883 619 2957 arbitror,
640 2888 770 2943 orasset
792 2884 826 2940 in
846 2884 978 2942 oratione
997 2891 1092 2941 recta:
1123 2870 1182 2957 σῦς
1201 2870 1345 2968 ᾔσθοντο
1412 2908 1413 2969 η

307 2964 587 3047 δωροδοκοῦντας.
597 2970 607 2976 “
619 2963 752 3025 Platonis
767 2974 863 3025 autem
874 2966 926 3025 ille
939 2967 1018 3026 locus
1030 2966 1067 3027 de
1083 2967 1218 3025 Convicio
1231 2987 1262 3041 p.
1278 2968 1346 3023 209.

220 3115 223 3121 .
306 3049 352 3108 ed.
366 3048 409 3109 Η.
422 3046 539 3125 Steph,
562 3070 650 3124 quem
670 3071 759 3126 porro
783 3058 988 3109 commemorat
1000 3048 1149 3111 Dernrius
1167 3051 1296 3125 pertinet
1312 3044 1346 3105 nd

304 3133 373 3194 illos
401 3134 497 3210 locos,
527 3133 564 3192 de
592 3136 697 3209 quihus
724 3133 911 3194 Hermannus
937 3133 1095 3210 explicarit
1119 3134 1142 3193 l.
1168 3134 1190 3193 l.
1217 3134 1269 3193 lih.
1292 3130 1343 3190 lll.

306 3239 370 3295 cap.
395 3226 445 3278 11.
466 3240 498 3295 p.
522 3223 579 3278 171
603 3238 669 3294 sqq.
712 3217 899 3299 Quemquam
921 3219 1067 3279 interdum
1094 3216 1214 3278 difficile
1237 3227 1282 3279 est
1303 3219 1344 3274 in·

306 3302 418 3379 dicatu,
438 3302 476 3363 ad
497 3302 643 3378 quoduam
662 3324 757 3380 genus
777 3303 888 3363 releres
906 3302 959 3362 hos
980 3303 1076 3378 locos,
1102 3302 1181 3377 quod
1203 3322 1242 3361 ne
1262 3300 1343 3359 eollo·

305 3389 420 3445 catione
445 3386 565 3461 quidem
592 3388 748 3462 particulae
773 3376 814 3448 dr
834 3387 933 3447 multis
954 3390 986 3447 in
1009 3386 1079 3447 locis
1101 3385 1263 3461 quidquam
1281 3404 1343 3459 pro·
1409 3390 1412 3534 ρ

193 3474 196 3478 ’
304 3467 438 3528 ficiaturz
465 3472 502 3530 ci.
525 3490 600 3545 quae
621 3471 698 3530 dixit
719 3470 904 3531 Hermanuus
925 3494 954 3547 p.
974 3476 1042 3531 174.
1085 3468 1122 3529 ln
1139 3468 1342 3531 Demosthenis

304 3572 376 3614 vero
400 3554 475 3629 loco,
496 3576 554 3629 qno
576 3576 644 3614 usus
664 3565 710 3616 est
729 3554 877 3615 Derarins
895 3554 1012 3631 deiude,
1033 3558 1077 3613 Da
1094 3555 1207 3615 (lerona
1228 3558 1256 3628 ς.
1275 3556 1341 3611 313.

304 3638 352 3697 ed.
376 3636 478 3698 Bekk.
498 3660 528 3715 p.
551 3644 613 3699 329
635 3647 768 3699 extrema
789 3632 835 3699 ed.
855 3637 961 3699 Reisk.
991 3659 1069 3698 nunc
1097 3632 1244 3698 ex'libris
1265 3636 1340 3699 bonit

305 3722 395 3782 edidit
425 3720 511 3781 lmrn.
536 3722 711 3783 Beklrerusz
744 3720 778 3787 ἐν
803 3716 890 3788 τίσιν
912 3712 971 3786 οῦν
992 3716 1032 3787 σὺ
1053 3715 1185 3797 νεανίας
1206 3716 1262 3784 καὶ
1280 3740 1340 3819 πη

304 3800 380 3870 νίκα
400 3798 576 3888 λαμπρόςς
605 3798 691 3889 ἡνίκ’
716 3796 757 3869 itv
778 3799 887 3871 εἰπεῖν
908 3799 993 3868 κατὰ
1012 3798 1138 3869 τούτων
1157 3826 1190 3868 τι
1212 3800 1283 3889 δέη,
1309 3822 1339 3861 ιν

209 3886 211 3895 '
304 3881 435 3962 τούτοις
461 3881 807 3991 λαμπροφωνότατος,
833 3880 1137 3973 μνημονικώτατος.
1165 3880 1339 3967 ὑποκριτιζς

220 4032 223 4037 .
304 3960 457 4055 ῦριστος,
477 3991 636 4053 τραγικος
651 3968 853 4057 Θεοκρίνης,
873 3974 964 4049 idque
985 3993 1100 4033 summo
1116 3975 1192 4032 iure.
1234 3969 1336 4050 Quam·

304 4076 394 4130 quam
414 4074 453 4114 ne
474 4055 549 4115 illud
569 4057 688 4133 quidem
703 4058 813 4118 falsum
827 4068 881 4133 est,
902 4056 982 4133 quod
997 4056 1146 4117 Devariua
1159 4056 1228 4115 olim
1242 4050 1336 4147 adtulit
1409 4008 1410 4081 l

303 4147 390 4213 atque
410 4142 497 4200 etiam
521 4142 590 4200 libri
611 4138 771 4202 t'thtn.
793 4142 871 4217 apud
883 4140 1056 4203 Bekherum
1074 4138 1229 4200 exhibeam
1251 4126 1330 4235 r‘pta'jt²

304 4212 344 4280 iio
365 4214 474 4285 εἰπεῖν
495 4220 578 4287 κατὰ
600 4218 725 4289 τούτων
745 4247 779 4290 τι
799 4221 891 4298 otoo,
911 4236 944 4285 ut
962 4226 994 4285 id
1014 4226 1122 4285 dictum
1141 4228 1240 4298 nttpro
1254 4238 1322 4301 W

305 4294 344 4361 iio
374 4299 449 4386 δέη,
479 4326 519 4364 ex
545 4318 642 4370 mente
666 4312 744 4388 eius,
774 4312 826 4384 qui
849 4311 915 4371 talis
931 4308 1033 4375 rideri
1057 4309 1128 4392 rolt.
1171 4306 1336 4369 nominatur
