2850 4842
253 468 319 546 938
731 454 824 562 μάλα.
844 484 853 499 “

255 646 302 710 Gi.
331 642 462 708 eiusdem
483 638 663 721 Thucydidis
686 632 740 701 lib.
757 637 847 701 Vssd.
872 658 938 717 cap.
961 645 1012 701 30.
1048 639 1118 706 Τοῦ
1140 633 1174 707 d‘
1197 624 1322 724 αὐτοῦ’

253 730 416 813 χειμῶνος
443 730 524 804 τοῖς
545 723 579 791 ἐν
606 728 647 813 τῇ
675 719 777 809 Σάμῳ
800 717 1000 807 Ἀθηναίοις
1028 726 1308 811 πηοσαφιγμέναι

255 810 318 899 γὰρ
339 802 424 900 ἦσαν
445 808 501 876 καὶ
520 804 656 875 οἴκοθεν
672 800 772 872 ittae
784 809 860 892 νῆες
875 805 973 871 πέντε
988 803 1044 871 καὶ
1059 803 1237 889 τριάκοντα
1251 846 1304 885 -,

256 891 433 980 ἐβούλοντο
455 887 764 979 διακληρωσάμενοι
784 886 842 954 ἐπὶ
862 887 922 967 μὲν
943 892 985 976 τῇ
1003 886 1150 976 Μιλήτῳ
1165 896 1210 978 τῷ
1223 916 1303 955 νασ-

255 982 338 1065 τικῷ
367 977 527 1064 ἐφορμεῖν
556 970 637 1051 κτλ,
670 996 730 1051 qno
758 977 792 1033 in
815 975 880 1059 loco
901 974 1003 1034 codem
1026 996 1085 1049 quo
1108 997 1196 1051 snpra
1215 976 1302 1036 niodo

255 1065 423 1125 adfirmatur
455 1062 623 1137 quippiam,
657 1059 734 1119 undo
765 1058 901 1134 deinceps
931 1059 1043 1134 aliquid
1073 1060 1238 1134 deducitur,
1271 1072 1305 1121 nt

254 1152 335 1225 priua
356 1146 436 1207 intud
457 1156 574 1205 causaue
593 1145 656 1204 Ιοσο
675 1147 729 1204 nit:
748 1142 832 1201 nullo
854 1149 951 1201 autem
964 1142 1050 1202 modo
1066 1144 1305 1203 existumandnr'n

255 1240 301 1293 cst
323 1226 388 1313 γὰρ
409 1231 515 1289 usitata
539 1230 605 1304 ista,
627 1228 679 1288 aad
698 1248 759 1285 non
779 1228 906 1285 naturali
928 1246 1119 1301 aequavero
1138 1229 1179 1301 vi,
1199 1237 1234 1286 nt
1255 1248 1304 1288 rc·

256 1316 409 1392 sponderat
422 1321 523 1373 nostro
539 1312 610 1370 donn
624 1318 674 1370 out
689 1308 799 1369 Latino
813 1330 891 1379 ιιαοι,
911 1313 1037 1386 positum
1051 1332 1126 1370 onoc.
1155 1310 1304 1371 Maxuma

255 1403 361 1464 unitata
384 1397 457 1456 hacc
478 1396 594 1455 dicendi
615 1398 690 1454 ratio
712 1403 756 1454 cat
776 1396 808 1452 in
830 1395 990 1453 coniunctio
1010 1394 1159 1469 particulis
1181 1391 1240 1458 καὶ
1260 1430 1305 1441 -

255 1477 337 1569 γάρ,
366 1483 459 1541 veluti
480 1482 512 1538 in
537 1477 721 1555 Thucydidis
744 1479 796 1536 tin.
818 1474 892 1536 Vll.
919 1497 983 1553 cap.
1005 1482 1056 1537 48.
1080 1478 1201 1537 dicitur:
1232 1474 1306 1540 Καὶ

255 1556 296 1651 ἦν
316 1559 379 1649 γάρ
401 1586 434 1627 τι
456 1558 512 1625 καὶ
525 1558 559 1625 ἐν
571 1564 646 1637 ταῖς
655 1553 886 1644 Συρακούσαις
900 1553 1102 1639 βουλόμενον
1116 1552 1305 1659 τοῖςἍθη-

255 1644 363 1723 ναίοις
384 1643 425 1708 τὰ
449 1638 630 1731 πράγματα
652 1641 826 1719 ἐνδοῦναι,
849 1638 1110 1727 ἐπεκηρυκεύετο
1133 1637 1179 1719 ὡς
1201 1637 1305 1706 αὗτον

256 1728 313 1795 καὶ
334 1722 395 1793 οὖν
417 1723 471 1791 ελόι
493 1720 775 1798 ἀπανίστασθαι,
806 1746 863 1799 qua
890 1726 927 1785 dc
949 1747 983 1785 ra
1004 1728 1084 1786 infra
1103 1731 1136 1786 in
1157 1728 1303 1802 particula

256 1810 314 1880 καὶ
338 1813 452 1873 dicandi
475 1813 553 1871 iocus
580 1815 638 1870 crit
669 1818 700 1870 at
724 1812 757 1868 in
779 1809 928 1883 particulis
950 1801 1037 1873 ἀλλὰ
1061 1846 1101 1856 -
1123 1806 1188 1894 γὰρ
1211 1831 1303 1886 cupra

255 1898 432 1973 explicatum
460 1903 504 1954 ost
532 1916 561 1969 p.
588 1902 628 1952 22
659 1914 727 1969 sqq.
771 1890 850 1952 Nam
878 1895 910 1951 in
935 1895 973 1956 iis
1003 1914 1121 1968 quoquc
1141 1896 1216 1954 doeio
1236 1891 1301 1977 γὰρ

253 1981 396 2058 particula
425 1978 517 2037 iniart
548 1978 678 2053 aliquam
708 1976 955 2051 adamationem,
987 1978 1068 2037 unda·
1092 1978 1189 2053 istud,
1222 1978 1302 2052 quod

156 2104 158 2109 -
255 2065 403 2138 adiicitur,
435 2082 606 2137 suspensum
639 2082 703 2121 cose
735 2059 880 2118 videatur.
926 2058 995 2118 sed
1025 2064 1057 2119 iu
1089 2062 1156 2120 aliis
1181 2082 1301 2136 quoqne

253 2148 324 2209 locia
345 2149 444 2207 multia
466 2151 507 2205 ita
527 2148 723 2219 praemittitur
742 2144 885 2218 particula
907 2136 982 2225 γάρ,
1001 2152 1189 2220 attonsum,
1212 2166 1301 2220 quam

255 2234 292 2291 ob
313 2253 376 2291 rem
397 2229 509 2306 aliquid
531 2229 695 2289 iaciendum
717 2230 766 2302 ait,
789 2230 871 2301 prins
894 2226 1038 2304 adfirmat,
1061 2249 1121 2287 uon
1143 2239 1301 2303 postquam

171 2324 176 2337 ’
255 2306 366 2389 adiquid
387 2316 494 2373 sactum
515 2316 564 2389 ait,
585 2313 696 2388 reddat,
720 2322 752 2370 nt
773 2313 861 2386 volgo
885 2314 1033 2385 accipitur.
1077 2310 1128 2371 Sic
1143 2314 1230 2371 facilc
1244 2332 1300 2373 cx·

188 2382 201 2460 ,¹
254 2399 358 2485 plicari
385 2401 507 2539 poparg,
530 2396 621 2537 dqnod
649 2396 760 2472 degitur
787 2396 863 2471 apud
887 2393 1121 2470 Aristophanem
1144 2400 1176 2456 in
1202 2400 1300 2456 Bauio

254 2504 283 2543 τ.
305 2487 376 2541 662.
398 2502 414 2541 c
436 2528 444 2543 .
496 2484 527 2538 iu
551 2519 558 2535 .

366 2635 370 2647 ·
429 2608 519 2665 Οὐδὲν
534 2614 623 2668 ποιεῖς
639 2604 703 2681 γάρ,
723 2606 793 2663 ἀλλὰ
812 2606 859 2670 τὰς
874 2605 994 2681 λαγόνας
1011 2604 1127 2680 σπόδει,

254 2733 333 2809 quod
360 2738 424 2791 cat:
459 2732 542 2790 Νιλιίλ
567 2734 655 2807 ἱηλλιιι·
681 2736 745 2808 opio
771 2732 917 2810 profecto,
947 2753 1043 2792 vertam
1074 2735 1152 2793 lutor
1175 2743 1298 2811 percute.

253 2816 318 2877 Noa
348 2816 497 2875 dicamns=
533 2820 579 2871 Do
606 2816 723 2873 hichtest
746 2817 781 2892 ju
811 2817 902 2874 nichta
930 2836 1003 2886 nna,
1036 2818 1122 2876 udicio
1148 2838 1177 2875 n.
1207 2838 1232 2876 a.
1261 2838 1299 2877 ιο.

254 2899 336 2961 luent
363 2903 441 2959 eninr
459 2898 507 2957 hic
527 2901 559 2957 in
580 2899 724 2973 particula
744 2901 796 2957 itta
818 2899 1036 2959 demonstrandi
1056 2904 1118 2972 via,
1143 2901 1224 2960 unda
1245 2902 1301 2959 ali-

255 2985 327 3061 quid
347 2994 495 3059 aequatnr.
539 2979 608 3061 Quo
629 2986 660 3040 in
682 2984 745 3041 loco
766 2985 794 3043 oi
813 2982 921 3041 dictum
943 2994 1029 3059 essct,
1051 2984 1128 3059 qnod
1145 2984 1225 3043 idom
1240 2984 1300 3043 dici

253 3071 368 3144 potuit:
385 3132 390 3143 ‚
407 3059 492 3130 ἀλλὰ
523 3063 583 3139 τὰς
596 3060 754 3149 ιλαγόνας
779 3061 929 3129 σπιλὸιι·’
951 3065 1046 3130 οὐδὲν
1072 3070 1184 3142 ποιεῖς
1212 3062 1299 3152 γάρ,

253 3164 351 3211 tamen
382 3152 485 3211 codam
515 3150 603 3209 modo
635 3159 778 3209 constaret
808 3152 964 3209 cantantia.
1014 3150 1171 3210 Diceretur
1199 3155 1298 3210 euim:

170 3233 173 3241 ’
253 3238 444 3313 §adpetente
468 3236 553 3293 loton.
597 3235 680 3291 tttttt
702 3243 736 3291 nt
759 3243 926 3310 comparato
947 3253 994 3291 ceo
1015 3244 1056 3293 cat
1076 3236 1202 3311 profacto
1223 3241 1295 3310 cpia,

253 3328 284 3377 nt
307 3320 349 3388 id,
379 3320 453 3396 ηιιοιλ
481 3318 559 3389 duca,
587 3317 639 3375 citt
663 3317 823 3389 sociandum
848 3322 913 3387 ait„
942 3337 1017 3392 quac
1045 3326 1141 3376 tamen
1164 3328 1298 3378 extrema

252 3405 436 3460 ratiocinatio
463 3400 635 3477 plerumque
663 3402 757 3459 omitti
785 3401 868 3460 aciat.
912 3399 961 3460 Ac
987 3403 1029 3461 nic
1054 3403 1141 3461 etiarn
1169 3403 1215 3460 illi
1242 3404 1300 3461 doci

251 3484 419 3559 explicandi
440 3493 517 3560 aunt,
539 3488 572 3545 in
593 3486 696 3561 quibua
716 3504 750 3543 aa
763 3483 923 3559 particulae
937 3480 1001 3568 γὰρ
1014 3486 1188 3562 significatio
1202 3489 1301 3563 magia

191 3584 199 3589 ·
252 3568 288 3627 ad
311 3567 456 3645 uolgatam
480 3569 595 3629 dicendi
614 3570 758 3628 rationum
783 3568 907 3645 accadit,
934 3570 1027 3629 ueluti
1048 3573 1081 3628 in
1101 3570 1156 3628 itto
1179 3569 1300 3631 Ariato·

204 3700 209 3709 .
252 3652 318 3711 ielis
344 3653 408 3711 loco
431 3654 576 3713 Potitioor.
598 3653 651 3711 lih.
672 3650 746 3712 Vll.
768 3672 831 3727 cap.
853 3656 883 3712 9.
908 3656 937 3725 §.
957 3661 987 3710 2.
1008 3652 1053 3712 ad.
1076 3651 1175 3713 Stahr.
1207 3649 1301 3717 Φασὶ

250 3731 314 3820 γὰρ
344 3729 377 3798 ολ
403 3728 512 3815 λόγιοι
533 3736 598 3797 τῶν
620 3731 689 3798 ἐκεῖ
711 3728 951 3798 κατοικούντων
966 3728 1093 3799 Ἰταλόν
1113 3758 1188 3798 τινα
1209 3732 1301 3816 γενέ-

223 3812 227 3821 ’
252 3822 337 3882 σθαι
357 3816 499 3896 βασιλέα
519 3818 579 3900 τῆς
597 3812 790 3902 Οἰνωτρίας,
813 3811 874 3901 ἀφ’
891 3806 931 3881 οὗ
952 3811 990 3881 τό
1013 3840 1049 3881 τι
1070 3810 1177 3899 ὄνομα
1194 3840 1300 3896 μετα-

249 3894 415 3983 βαλόντας
448 3891 595 3974 Ἰταλοὺς
632 3891 703 3961 ἄντ’
743 3894 919 3982 Οἰνωτρῶν
953 3900 1127 3985 κληθῆναι,
1151 3899 1208 3964 καὶ
1239 3897 1300 3987 την

251 3976 353 4069 ἀκτὴν
390 3976 511 4066 ταύτην
542 3984 601 4068 τῆς
628 3974 795 4067 Εὐρώπης
820 3977 964 4048 Ἰταλίαν
995 3982 1139 4060 τοῦνομα
1171 3984 1296 4065 λαβεῖν,

250 4061 314 4170 ὅση
342 4060 514 4151 τετύχηκεν
530 4061 634 4142 ’ἐντὸς
654 4062 739 4131 οὖσα
759 4068 819 4129 τοῦ
840 4061 970 4132 κόλιτοσ
991 4070 1051 4131 τοῦ
1072 4065 1296 4151 Σκυλλητικοῦ

234 4169 307 4233 ,και
324 4150 384 4213 τοῦ
396 4150 612 4236 Λαμητικοῦ·
632 4141 750 4229 ἀπέχει
764 4145 827 4234 γὰρ
844 4151 950 4214 ταῦτα
966 4141 1028 4215 ἀπ’
1048 4142 1200 4238 ἀλλήλων
1214 4143 1294 4213 ὁδὸν

249 4223 406 4313 ἡμισείας
423 4227 569 4375 ἡμὲηας,
588 4237 695 4310 quoin
712 4236 777 4293 loco
792 4237 860 4311 ipso
875 4255 993 4311 quoquc
1003 4228 1079 4323 γάρ,
1095 4257 1150 4312 pro
1164 4253 1222 4311 quo
1232 4254 1299 4293 non

250 4314 322 4373 attic
347 4322 424 4374 rocta
449 4314 482 4376 A
502 4358 510 4375 ·
531 4314 668 4383 stannus
693 4316 767 4379 mihi
795 4319 911 4383 vidntur
931 4318 981 4381 hic
1003 4317 1043 4385 δὲ
1064 4322 1228 4397 optavisse,
1253 4320 1300 4379 ita
