2850 4842
478 477 485 504 ,
539 409 628 492 icis·
1034 417 1098 487 tot

60 585 117 657 sui
147 581 343 656 ἂποκταῖναο
373 581 537 664 κελεύσω,
564 580 596 654 ei
618 583 665 674 μὴ
685 585 883 678 ξυμφέρον..
911 592 1015 668 itaque
1036 611 1100 654 ren

60 677 232 751 simpliciter
252 675 285 732 in
313 693 411 732 rerum
432 682 540 746 ereutn
558 677 669 748 posuit,
691 673 797 734 deinde
817 678 1025 751 perrexitpitur
1060 665 1101 761 ἥν

59 780 97 822 rc
120 753 176 822 καὶ
205 749 333 834 {tonso
359 777 393 818 us
422 748 611 838 ξυγγνώμης
637 747 720 832 εἷεν,
750 749 802 833 [οὐ
820 755 908 843 φημὶ
929 757 999 822 δεῖν
1020 750 1101 841 dspi-

62 844 163 917 σθαι,
190 839 257 900 ῑοῐῑα
288 842 366 898 euim
395 841 538 899 sententie
567 840 682 914 exiis,
709 861 786 914 qnue
806 842 981 902 eutecednut
1001 844 1102 902 verbis

61 924 150 983 tacite
171 922 304 998 eruitur]‚
326 913 356 985 si
378 915 542 1007 τῇπόλει
558 917 604 1005 μὴ
628 914 759 1005 dyuttdr
782 919 966 1007 φαίνοιτο,
989 947 1048 1001 quo
1069 927 1102 984 iu

61 1007 193 1067 membro
217 1008 359 1066 cretionis
387 1007 447 1064 insu
472 1025 535 1064 rem
558 1007 595 1064 sb
616 1027 718 1066 eorum
737 1007 845 1066 iudicio
865 1028 1038 1084 suspensam
1058 1009 1102 1066 t'u·

64 1093 121 1168 cit,
142 1091 247 1166 quibus
268 1089 330 1149 volt
349 1090 474 1164 probare
498 1091 674 1150 sententium
695 1110 778 1148 suum
795 1091 885 1166 idque
904 1092 1103 1153 callidiususne

62 1177 106 1234 ite
125 1175 248 1234 instituit
265 1173 378 1249 fucere,
399 1193 437 1231 nc
456 1172 589 1232 ridentur
608 1176 673 1250 ippe
694 1193 730 1233 eo
749 1174 909 1250 inclinare,
930 1184 961 1234 nt
977 1195 1104 1251 purpure
1152 1171 1155 1176 ’

63 1257 138 1316 velit
158 1255 367 1334 Mytilenaeas.
410 1251 467 1314 His
486 1255 523 1315 de
542 1258 649 1318 caussis
670 1277 725 1333 ego
745 1279 812 1316 com
828 1256 965 1318 Goellero
985 1268 1015 1318 et
1025 1257 1104 1318 Her·

64 1343 165 1417 tungio
186 1342 207 1398 l.
227 1341 249 1400 l.
268 1340 327 1400 vol.
349 1336 390 1398 Π.
412 1361 442 1414 p.
462 1343 536 1398 266.
565 1341 597 1398 iu
618 1361 653 1400 eu
676 1341 817 1415 opinione
836 1361 920 1418 suun,
954 1350 1002 1415 nt,
1026 1340 1105 1416 quod

65 1421 255 1500 Thucydides
276 1443 364 1497 saepe
384 1421 471 1498 iecit,
496 1432 528 1481 ut
548 1443 602 1497 per
622 1444 744 1499 zeugma
764 1425 948 1500 loqueretur,
968 1423 1105 1484 idetism

45 1506 121 1566 -boc
141 1507 205 1566 loco
226 1527 292 1566 eum
319 1507 427 1566 iecisse
447 1507 630 1565 existumem.
673 1506 752 1568 Nem
775 1507 853 1583 quod
874 1507 986 1583 duplex
1006 1507 1106 1566 condi·

65 1594 110 1649 cio
134 1592 253 1666 pouitnr
272 1593 305 1649 iu
328 1589 420 1648 altero
443 1590 572 1670 membpo
594 1610 655 1648 non
676 1590 789 1650 ndiecto
803 1593 910 1668 verbo,
931 1591 1010 1666 quod
1035 1593 1107 1650 utri-

66 1695 124 1748 que
144 1675 306 1732 condicioni
326 1692 410 1733 suum
427 1693 542 1733 cursum
563 1672 661 1747 deret,
691 1673 724 1732 id
751 1694 787 1733 eo
812 1677 911 1734 miuus
931 1677 1039 1749 poterit
1059 1673 1107 1732 αἰ-

65 1751 209 1833 fondere,
245 1755 325 1832 quod
357 1777 420 1816 cum
451 1751 564 1831 'duplex
597 1757 728 1816 condicio
759 1759 800 1816 sit
830 1760 918 1817 etism
947 1761 980 1817 iu
1007 1757 1107 1832 priore

65 1843 214 1916 membro,
231 1839 299 1900 iude
317 1842 377 1898 iens
396 1840 530 1915 intellegi
548 1847 645 1916 potest
666 1862 726 1914 quo
747 1841 866 1916 singule
885 1839 958 1900 baec
977 1844 1108 1900 membru

66 1929 250 1999 pertinent,
281 1932 310 1983 et
332 1925 402 2000 quin
423 1925 544 1982 omnino
567 1921 673 1983 Graeci
693 1927 828 2000 saepius,
849 1945 936 2000 quam
958 1945 1030 2001 uos,
1055 1924 1108 1983 du·

65 2008 172 2082 pliocm
193 2005 391 2066 condicionem
410 2006 526 2066 diverso
545 2007 631 2066 modo
649 2008 846 2082 accipiendum
864 2013 895 2066 in
916 2029 975 2067 uuo
992 2008 1109 2068 codem·

67 2112 124 2164 que
157 2091 290 2150 membro
322 2091 410 2157 etiem
444 2109 498 2164 per
524 2091 646 2148 eundem
678 2091 904 2150 condicionalem
935 2091 1134 2166 particulam¹

66 2175 312 2246 introduxerunt,
342 2192 400 2244 qua
426 2171 463 2230 de
485 2191 518 2228 re
539 2170 609 2231 ride
636 2169 669 2230 G.
692 2171 732 2234 G.
752 2171 923 2247 Kriigeruus
944 2173 982 2231 ed
1003 2173 1110 2232 Xeno·

67 2257 190 2333 pbontiu
216 2255 431 2331 Expeditionem
459 2253 524 2326 (iuri
551 2255 603 2312 lib.
628 2252 684 2314 III.
717 2277 779 2330 cup.
808 2256 845 2314 n:
871 2259 901 2326 §0
924 2261 976 2314 et.
1008 2267 1037 2316 et
1057 2258 1110 2315 lib.

67 2339 138 2402 Vll.
163 2359 231 2414 cap.
252 2343 283 2396 7.
305 2342 334 2409 t.
359 2343 410 2395 et.
459 2333 509 2394 Ac
530 2336 567 2396 de
588 2338 641 2396 illo
663 2337 846 2415 Thucydidis
866 2339 931 2397 ioco
950 2359 988 2398 eo
1011 2342 1110 2400 miuus

68 2426 203 2484 debitore
225 2421 370 2480 debebunt
390 2421 580 2496 interpretes,
602 2421 680 2496 qnod
700 2421 779 2482 idern
798 2423 922 2498 scriptor
944 2425 1032 2482 etium
1051 2424 1112 2484 etio
1151 2427 1161 2436 ‘

68 2510 130 2568 loco
161 2499 207 2591 ἢν
232 2502 401 2581 porticulum
423 2522 489 2562 cum
510 2505 637 2578 optutiro
666 2507 863 2564 construxisse
886 2505 1021 2582 ridetur,
1052 2527 1112 2580 quo

69 2591 105 2652 de
124 2591 211 2664 loco,
232 2609 299 2648 cum
321 2587 496 2648 simiilnmus
515 2586 584 2646 buic
602 2595 704 2647 nostro
725 2591 780 2666 stt,
797 2588 855 2646 iem
869 2587 1008 2648 dicemus.
1049 2589 1113 2649 Le·

70 2678 147 2751 gitur
172 2674 229 2732 itte
251 2671 303 2730 lib.
326 2667 417 2732 Vltt.
441 2691 504 2745 cup.
526 2675 597 2744 27„
620 2673 653 2729 iu
677 2671 756 2730 bunc
778 2671 910 2731 modums
943 2665 1001 2747 Ὡς
1021 2665 1114 2751 τάχα·-
1174 2743 1183 2753 ¹

72 2778 134 2822 στα
167 2751 206 2818 δὲ
239 2748 368 2818 ἐκέλευε
396 2747 475 2829 τούς
501 2773 538 2815 ce
559 2749 765 2834 τραυματίας
782 2754 785 2758 ’
800 2746 1032 2830 ἀναλαβόντας
1056 2753 1114 2818 καὶ

73 2835 131 2902 τὸν
153 2833 256 2914 πεζὸν
284 2833 425 2899 καὶτῶν
446 2835 571 2898 σκευῶν
592 2830 657 2898 ὅσα
678 2827 785 2920 ἦλθον
805 2829 950 2915 diones,
979 2829 1051 2900 οἶδ’
1075 2834 1114 2900 ἐκ

73 2922 135 3006 τῆς
165 2914 330 2994 πολεμίας
362 2911 522 3001 εἰλήφασι
557 2912 820 3020 καταλιπόντας,
859 2915 956 2992 ὅπως
988 2921 1114 3004 κοῦφαι

75 2995 156 3067 ὦσιν
179 2995 216 3065 oi
232 3003 319 3086 νῆες,
348 2994 517 3063 ἀποπλεῖν
539 2995 574 3074 ἐς
594 2993 721 3076 Σάμον,
755 3003 914 3063 xancton
935 2994 997 3086 ἤδη
1018 3001 1116 3078 ξυνα-

74 3079 237 3169 γαγόντας
257 3078 370 3160 πάσας
390 3079 449 3158 τὰς
465 3081 563 3156 ναῦς,
584 3078 663 3155 τοὺς
684 3075 866 3156 ἐπίπλους,
888 3073 928 3166 ἥν
949 3105 1018 3147 που
1043 3107 1116 3148 και-

76 3165 136 3254 ρὸς
156 3162 225 3252 εἴη,
252 3169 461 3241 acacianae,
488 3185 547 3240 quo
568 3167 602 3224 in
629 3166 693 3224 loco
717 3185 784 3224 cum
803 3165 872 3224 libri
893 3175 1010 3239 praeter
1030 3164 1117 3226 Voti·

76 3273 180 3312 cunnm
207 3270 309 3312 omnes
340 3271 408 3308 nno·
426 3268 567 3309 consensu
598 3250 741 3322 scriptum
768 3245 944 3308 exbibeent:
987 3240 1027 3334 ἥν
1049 3271 1118 3313 που

78 3331 199 3416 καιρὸς
220 3327 287 3416 εἴη,
314 3355 376 3392 nou
397 3333 521 3392 debebat
538 3332 622 3391 credo
643 3330 681 3390 G.
702 3329 892 3391 Hermunuus
906 3335 954 3392 vir
980 3337 1118 3409 egregius

77 3421 110 3477 in
130 3419 208 3476 libro
240 3421 281 3475 Bc
301 3417 444 3494 porticulo
465 3407 512 3478 do
536 3413 591 3475 ΙΙΙ.
624 3435 686 3490 cop.
710 3420 742 3474 4.
772 3437 804 3489 p.
835 3418 905 3474 150.
930 3420 1119 3490 comprobare

76 3499 162 3560 lmus.
188 3497 325 3560 Bekkcri
349 3498 507 3576 indicium,
542 3502 594 3574 qni
619 3520 637 3558 e
666 3500 741 3558 libro
761 3496 908 3558 Vuticuuo
938 3500 1043 3560 edidite
1078 3490 1119 3584 ἤν

78 3603 147 3648 που
176 3579 294 3666 καιρὸς
321 3570 356 3666 ᾖ.
405 3577 485 3644 Num
521 3581 598 3658 qnod
624 3581 724 3641 dicunt
748 3591 906 3658 propiores
934 3605 996 3643 nou
1022 3583 1120 3644 rideri

79 3669 241 3727 cretionem
271 3664 419 3740 obliquum
441 3665 489 3724 bio
513 3666 610 3726 locum
629 3664 739 3726 habore
759 3685 861 3741 posse,
880 3665 970 3741 ·quod
988 3665 1120 3745 Pbryui-

78 3749 127 3810 cbi
153 3751 249 3808 orutio
270 3748 443 3824 pierumque
466 3758 545 3808 recto
568 3757 662 3824 essct,
690 3758 720 3809 et
742 3752 878 3826 superius
900 3749 1009 3810 dictnnu
1030 3761 1121 3812 ersetc

78 3825 121 3916 ἢν
148 3824 344 3915 ἡσσηθῶσν,
376 3842 405 3892 et
433 3829 489 3891 boc
516 3836 580 3908 ipso
601 3834 677 3892 locos
709 3829 807 3908 ὅπως
834 3833 894 3896 κοῦ
924 3825 1122 3898 antioceni

78 3915 171 4016 νῆας,
206 3915 238 3974 id
259 3923 373 3974 tuntum
394 3917 493 3991 street,
517 3925 547 3975 ut
569 3915 676 3975 officiat
698 3920 870 3992 scriptumst
895 3853 937 3999 bb
957 3937 1027 3980 πον
1048 3937 1123 3980 και·

1 4007 2 4010 ’
80 4017 144 4084 ρος
165 3987 234 4078 cip,
269 4007 301 4056 ut
321 4000 407 4082 etiarn
429 4003 548 4075 egregie
568 4002 633 4060 eem
657 4000 796 4059 ediurure
818 3997 960 4060 ridentur.
1004 3999 1123 4060 Etenim

81 4099 173 4156 quom
205 4081 237 4139 in
264 4081 501 4142 antecedentibus
526 4102 644 4157 semper
669 4081 835 4161 Pbryniobi
860 4084 952 4141 orntio
977 4084 1019 4141 itu
1039 4086 1123 4143 iusti·

81 4171 259 4238 tuteesset,
280 4173 312 4223 nt
332 4166 463 4225 absolute
483 4167 599 4244 singulo
622 4175 817 4241 ponerentur,
835 4167 926 4224 sicubi
945 4163 1020 4225 uibii
1040 4187 1123 4226 cunr·

81 4265 135 4308 uec
161 4255 226 4309 erut
252 4269 302 4312 cur
323 4269 362 4310 ex
382 4249 506 4310 eliorum
527 4250 624 4326 potius
646 4252 785 4331 opinione
807 4247 959 4337 quidpiem
976 4270 1063 4326 quun
1082 4271 1124 4312 ex
