2850 4842
316 502 360 568 80
716 487 829 567 itta
859 488 966 585 ccii·

314 673 486 749 pleonaamo
511 673 652 731 orationis
672 672 827 747 recipitur,
854 690 912 745 qno
936 668 1041 729 melina
1061 670 1156 745 possit
1176 658 1199 752 ἢ
1218 670 1367 745 particula

316 758 412 816 adiici.
467 756 536 838 Qua
551 756 605 816 ·de
638 778 672 815 re
704 777 791 832 quom
823 758 883 814 iem
911 775 998 829 supra
1026 757 1171 829 copiosius
1198 754 1366 819 dixerimus

315 860 347 916 p.
370 847 410 900 36
429 862 483 915 sq„
505 839 553 900 hic
573 861 635 919 pon
656 841 783 915 amplius
807 837 960 897 dicendum
982 859 1046 897 ease
1066 839 1190 901 ridetur.

400 924 498 1002 Quem
520 933 618 984 autem
636 920 780 983 ultumum
800 925 896 981 locum
916 926 1013 999 pordit
1035 922 1182 983 Derariun
1202 944 1233 996 p.
1255 929 1296 979 22
1313 944 1364 997 sq.

315 1028 355 1067 ex
382 1006 515 1067 Platonis
542 1009 685 1085 Apolopic
706 1012 834 1068 Socratis
861 1001 942 1065 Part.
962 1005 988 1066 1.
1012 999 1070 1066 rol.
1092 1005 1132 1065 ll.
1154 1028 1183 1081 p.
1208 1010 1284 1079 104,
1307 1012 1363 1065 14.

315 1090 361 1151 ed.
385 1089 485 1152 Bekk.
508 1114 538 1166 p.
560 1095 611 1151 24.
635 1089 667 1153 G.
688 1092 732 1151 ed.
756 1090 798 1149 H.
819 1088 942 1166 steph„
968 1094 1002 1150 in
1032 1112 1090 1165 quo
1118 1091 1169 1150 illa
1194 1092 1311 1164 putavit
1338 1082 1365 1175 ἢ

313 1196 376 1233 ιιοιι
394 1196 450 1237 auo
474 1176 537 1235 loco
559 1178 689 1250 positum
709 1196 793 1252 ease,
818 1176 863 1247 de¹
877 1197 911 1235 eo
934 1178 1018 1234 nobis
1043 1176 1159 1233 videtur
1178 1177 1237 1233 iam
1257 1174 1363 1249 paullo

314 1262 473 1319 accuratius
497 1262 703 1334 explicandum
727 1280 807 1335 esse,
837 1280 925 1334 quom
947 1269 1062 1334 praeter
1083 1258 1243 1319 Derarium
1269 1261 1364 1317 etiam

312 1341 397 1401 Imm.
418 1341 577 1403 Bellerus
602 1353 632 1404 et
661 1343 769 1404 chcl.
797 1342 1008 1403 Stellbcumiua
1036 1346 1068 1401 in
1092 1343 1290 1402 constituendo
1321 1362 1362 1402 ao

311 1428 376 1486 loco
400 1449 460 1485 non
480 1440 557 1487 recte
577 1432 687 1489 versati
708 1448 774 1488 ecee
793 1428 958 1487 videantur.
1001 1426 1060 1486 Hic
1079 1430 1158 1485 enim
1174 1428 1252 1485 locus
1267 1448 1362 1500 quom

311 1514 344 1571 in
362 1513 444 1570 libris
466 1515 600 1573 omnibns
619 1516 662 1572 ita
681 1513 844 1589 legeretur:
874 1506 944 1574 Καί
958 1531 1017 1588 μοι
1036 1509 1143 1594 δεῦρο,
1166 1498 1361 1592 (iniitque,

312 1588 404 1658 εἰπέ·
427 1584 532 1658 ’Ἀλλο
554 1618 587 1659 τι
609 1591 631 1679 ἢ
652 1594 732 1681 περὶ
753 1593 881 1659 πολλοῦ
896 1596 998 1667 ποιεῖ,
1020 1590 1116 1669 ὅπως
1132 1586 1177 1668 ὡς
1189 1590 1363 1673 βέλτιστοι

312 1670 347 1741 ολ
367 1671 523 1757 νεώτεροι
546 1672 696 1754 ilicetum·
728 1691 824 1739 tamen
848 1681 884 1738 ab
907 1687 1030 1753 utroque
1052 1682 1091 1737 ita
1117 1680 1210 1737 editus
1233 1690 1295 1752 est,
1324 1689 1361 1736 nt

310 1750 333 1843 ἢ
362 1763 532 1835 particulam
557 1774 622 1837 post
645 1756 728 1829 iiio
750 1785 782 1827 τι
808 1765 987 1823 omitterent:
1016 1763 1095 1837 quod
1115 1766 1243 1821 minume
1266 1760 1361 1821 Stall-

309 1845 443 1906 baumius
458 1847 577 1921 quidem
590 1848 712 1907 debebat
723 1849 828 1919 facere,
843 1850 904 1922 qui,
919 1858 1051 1922 utsupra
1063 1870 1092 1921 p.
1106 1851 1146 1906 76
1159 1868 1203 1921 sq.
1216 1846 1359 1920 vidimus,

232 1959 237 1967 v
309 1933 481 2009 rectissume
504 1930 541 1989 de
562 1935 683 1990 istarum
704 1932 910 2007 particularum
932 1952 988 1991 usu
1009 1932 1176 2006 explicavit.
1219 1929 1287 1989 lure
1309 1931 1360 1989 illi

216 2074 219 2083 Ι
309 2017 454 2073 triumviri
477 2013 610 2089 demum,
637 2018 689 2090 qui
718 2037 811 2091 nuper
832 2014 965 2075 Platonis
994 2018 1097 2090 scripta
1121 2013 1220 2074 Turici
1242 2015 1359 2074 edenda
1388 2042 1390 2045 ·

308 2110 507 2174 susceperunt,
528 2098 666 2159 Baiterue
679 2098 812 2160 Orellius
826 2098 1106 2175 Winclcelrnennue-‚
1124 2102 1157 2157 in
1170 2096 1359 2157 nitidissuma

207 2199 209 2202 ·
309 2183 437 2242 editione
458 2204 510 2242 sua
528 2187 586 2244 isto
605 2185 668 2243 loco
686 2187 817 2243 omnium
832 2184 976 2243 librorum
987 2186 1156 2258 scripturam
1173 2186 1358 2241 immutatam

307 2269 503 2343 reliquerunt.
556 2266 632 2327 Eam
658 2278 756 2327 autem
783 2270 1011 2343 traiectionem‚·
1030 2290 1116 2343 quam
1144 2266 1289 2326 Derarius
1318 2269 1358 2326 in

307 2348 364 2410 hoc
386 2354 451 2411 loco
472 2356 557 2411 statui
579 2354 689 2429 uoluit,
719 2362 767 2412 ut:
796 2344 878 2416 iilo
900 2374 933 2415 τι
954 2342 974 2453 ἢ
998 2348 1077 2438 περὶ
1097 2349 1223 2417 πολλοῦ
1244 2354 1357 2421 ποιεῖ,

308 2429 404 2509 ὅπως
432 2426 477 2510 ὡς
503 2433 671 2517 βέλτιστοι
699 2429 732 2499 oi
759 2430 915 2521 νεώτεροι
943 2429 1091 2511 ἔσονται,
1119 2436 1242 2511 positum
1269 2442 1359 2493 esset

307 2537 381 2591 pror
416 2512 498 2580 ὄλλο
524 2540 558 2581 τι
586 2514 668 2602 napi
693 2518 823 2584 πολλοῦ
850 2521 959 2595 ποιεῖ,
989 2511 1009 2603 ἢ
1038 2516 1134 2595 ὅπως
1155 2510 1238 2592 aci„
1266 2528 1358 2591 petet

306 2602 389 2659 nullo
409 2600 496 2660 modo
516 2622 604 2676 poma
624 2604 721 2662 locum
743 2604 790 2663 hic
811 2603 929 2663 habere.
972 2601 1033 2663 Sed
1051 2602 1108 2663 hoc
1126 2607 1222 2680 potius
1244 2603 1358 2661 dicitur

306 2686 370 2743 istic
391 2688 505 2744 verbio:
533 2689 700 2764 Numquid
722 2688 802 2747 olictd
823 2698 864 2747 cat
886 2692 943 2747 uici
963 2696 994 2746 ut
1014 2694 1111 2765 utopni
1130 2698 1161 2747 ta
1180 2688 1289 2761 focio-⁹,
1317 2688 1357 2745 or

306 2788 392 2844 quam
411 2772 518 2846 optumi
536 2774 660 2829 maiorer
680 2770 825 2831 wodani?
854 2772 966 2830 idest:
994 2775 1097 2831 Nocuc
1113 2771 1353 2847 tumopoil'ecia,

251 2846 259 2853 ’
305 2859 338 2908 ut
358 2860 408 2909 etc.
451 2851 565 2911 Eodem
586 2857 667 2915 enim
687 2856 774 2915 modo
794 2856 869 2914 illud
891 2846 974 2918 ἶίλλο
989 2875 1022 2917 τι
1036 2848 1058 2938 ἢ
1079 2864 1355 2931 suprnnsnupntum

274 2954 284 2969 ·
305 2934 432 2994 vidimus
452 2956 481 3010 p.
504 2943 567 3013 77„
590 2950 621 2995 ut
639 2938 689 2998 bic
710 2941 790 3000 locus
814 2943 857 2999 eis
877 2938 1053 2999 adiiciendus
1077 2943 1124 3015 rit,
1146 2942 1254 3015 quibus
1274 2939 1355 2997 sclao

304 3018 381 3077 istud
409 3009 490 3083 {itio
512 3043 544 3082 τι
570 3043 625 3095 pro
647 3012 730 3085 cillo
752 3045 785 3085 cc
806 3014 846 3108 ἦ,
875 3024 953 3098 quod
976 3024 1077 3098 paullo
1100 3026 1263 3083 accuratius
1286 3043 1355 3082 rem

305 3102 460 3179 eloquitur,
482 3126 500 3162 e
519 3108 625 3166 criticis
646 3110 754 3167 nostris
773 3106 886 3166 illatum
906 3109 1005 3167 fucrit.

387 3186 543 3248 Praeterea
573 3188 629 3247 lroc
658 3190 875 3267 adiungendum
906 3192 1041 3266 ridetur,
1074 3192 1232 3251 formulam
1265 3190 1352 3250 illam

186 3291 190 3303 “
304 3258 387 3335 ditio
409 3294 443 3334 cc
464 3264 485 3356 ἢ
507 3294 726 3347 nonnumquam
744 3278 784 3333 ita
805 3278 928 3350 positam
952 3294 1013 3335 esse
1032 3279 1065 3334 in
1078 3274 1191 3334 Graeca
1206 3278 1353 3349 oratione,

303 3363 336 3413 nt
358 3378 447 3429 quom
468 3367 564 3431 poeaet
585 3378 650 3416 cum
664 3359 780 3433 relique
795 3363 1006 3419 constructione
1020 3362 1159 3423 orationis
1176 3362 1354 3433 consociari,

302 3446 399 3497 tamen
422 3461 474 3513 per
494 3461 527 3500 oc
549 3451 626 3501 ctare
649 3443 804 3503 videretur.
847 3444 899 3503 Sic
919 3448 1010 3521 igitur
1031 3444 1175 3505 Ernestua
1189 3442 1293 3519 Poppo
1314 3447 1354 3503 iun

300 3518 511 3597 Xenophontio
528 3528 689 3604 Disciplina
702 3530 768 3601 Gyri
788 3531 839 3588 lib.
859 3527 915 3589 ΠΙ.
936 3551 999 3605 cap.
1017 3536 1047 3587 2.
1068 3532 1095 3601 §.
1117 3535 1165 3587 17.
1188 3530 1235 3587 ed.
1249 3526 1353 3591 Zeno.

299 3609 471 3668 rectissume
498 3622 682 3685 optumorum
706 3614 847 3673 librorum
875 3612 1080 3684 auctoritate*)
1105 3614 1213 3672 edidit:
1241 3602 1353 3676 ’Άλλο

300 3711 347 3763 τι,
372 3686 452 3777 ἔφη,
475 3682 502 3756 ὦ
524 3693 707 3764 Χαλδαῖοι,
741 3689 761 3781 ἢ
783 3693 903 3761 τούτου
925 3698 995 3778 [γε]
1019 3693 1114 3771 λ’νεκᾳ
1136 3688 1269 3781 εἰρήνης
1290 3696 1353 3757 νῦν

300 3770 508 3855 ἐπιθυμεῖτε,
531 3771 585 3840 ὅτι
605 3776 754 3857 νομίζετε
773 3772 1023 3865 ἀσφαλέστερον
1037 3773 1076 3842 iia
1092 3773 1259 3842 δύνασθαι
1277 3775 1351 3857 ζῆν,

300 3850 433 3943 εἰρήνης
447 3856 631 3943 γενομένης,
653 3855 673 3947 ἢ
692 3862 924 3942 πολεμοῦντες,
947 3859 1024 3927 ἐπεὶ
1038 3857 1135 3947 ἡμεῖς
1148 3852 1256 3945 adaco
1268 3855 1349 3925 ccid’

302 3934 435 4019 ἕχομεη
469 3964 646 4019 quamquam
667 3944 801 4009 Zeuniua
827 3972 861 4008 ac
887 3946 1044 4009 Fischerus
1071 3958 1191 4023 propter
1215 3968 1351 4021 nequens

297 4014 320 4108 ἢ
341 4020 461 4089 τούτου
483 4023 578 4091 ἕνεκα
600 4030 746 4121 volgatam
768 4036 954 4109 scripturam:
977 4022 1103 4096 ’Ἀλλου
1124 4053 1193 4105 ccv,
1216 4024 1292 4114 ἔφη,
1317 4020 1349 4093 ὦ

305 4233 311 4240 ’
366 4240 394 4304 *)
412 4237 503 4299 ”Atto
522 4266 547 4299 n
564 4251 630 4299 euim
646 4253 740 4303 habent
757 4250 817 4300 lilui
835 4253 1089 4317 unelphcrbymnns,
1108 4248 1276 4308 emissemus,
1296 4248 1350 4298 ΔΙ-

297 4308 417 4368 corfinus,
441 4316 495 4362 atil.
530 4320 582 4367 Pro
605 4324 686 4372 attam
700 4322 831 4387 ¹scriptur-u
851 4332 948 4372 tontum
964 4324 1039 4371 modo
1056 4323 1186 4384 uolgatum
1203 4318 1352 4370 editionum

203 4381 208 4386 “
296 4374 467 4431 Munium
481 4384 605 4435 ιιιὶοιιιι.
