2850 4842
448 1458 702 1525 CAPUT
754 1456 828 1524 Vll.

319 1580 396 1704 llo
457 1631 818 1728 particula
878 1634 953 1704 δέ.

200 1864 349 1929 Particula
381 1863 419 1933 δὲ
451 1866 577 1928 dubitari
606 1886 666 1926 non
696 1876 795 1942 potare
823 1870 896 1943 quin
925 1888 990 1928 eum
1017 1866 1161 1944 ampliore
1177 1875 1226 1929 At.

114 1953 213 2011 forma
230 1947 287 2036 ’δὴ
318 1954 360 2012 ita
393 1961 514 2029 cognata
546 1953 602 2026 ait,
635 1970 723 2025 quem
752 1951 789 2010 arl
813 1953 929 2011 modom
954 1955 1163 2028 particularum

115 2030 177 2113 μὲν
218 2043 247 2095 et
281 2032 347 2119 μὴν
382 2037 495 2095 formae
531 2037 712 2109 correptione
745 2045 775 2095 et
806 2038 997 2111 productione
1029 2036 1163 2097 diveraae

62 2132 69 2138 ·
117 2139 301 2195 communem
330 2122 477 2195 originem
504 2117 613 2178 lrabere
644 2117 790 2179 uidentur.
843 2118 893 2179 Ac
919 2123 946 2181 ei
974 2123 1098 2196 primam
1130 2139 1164 2178 ae

117 2222 223 2283 veram·
252 2204 412 2278 particulae
445 2203 686 2279 significationem
716 2205 946 2278 investigamus,
977 2202 1054 2262 nilril
1084 2202 1164 2262 aliud

119 2286 235 2347 videtur
255 2287 398 2361 particula
423 2284 459 2351 δὲ
482 2289 513 2345 in
534 2307 566 2346 ae
587 2288 768 2346 continuisse
788 2286 870 2361 olim,
890 2289 949 2345 uiri
970 2287 1097 2361 aliquam
1118 2287 1166 2345 rei

120 2368 227 2429 dudum
252 2374 385 2447 cognitae
408 2370 669 2431 adseveratiouem.
712 2368 813 2429 Facile
833 2379 929 2428 autem
951 2390 991 2429 ex
1012 2369 1165 2429 adsevera-
1190 2386 1216 2413 ··

120 2455 212 2529 tione,
233 2456 314 2513 sicuti
335 2456 416 2514 etin
437 2457 542 2515 ceteris
563 2455 671 2530 linguis
696 2463 726 2513 et
746 2456 779 2512 in
799 2454 867 2512 aliie
892 2451 999 2527 Graeci
1022 2455 1165 2513 oermonia

119 2538 255 2597 formulis
273 2537 403 2599 violemus
421 2558 486 2597 esee
503 2539 622 2612 lactum,
639 2540 783 2597 enascitur
797 2540 954 2613 opponitio‚
974 2558 1063 2612 quam
1077 2538 1166 2612 volgo

121 2623 150 2681 ei
177 2622 337 2696 particulae
366 2623 455 2681 tribui
482 2624 550 2681 natis
577 2631 677 2680 notum
700 2632 755 2683 eat.
803 2620 890 2680 Hanc
917 2622 1077 2697 particulae
1103 2624 1167 2681 vim

121 2725 214 2779 quom
234 2714 394 2778 spectarent
418 2708 611 2781 grammatici,
634 2706 808 2780 plerumque
830 2700 971 2765 Graecam
995 2706 1169 2780 particulam

122 2783 163 2851 δὲ
191 2785 437 2849 adsimularerunt
461 2800 560 2848 nostro
581 2790 721 2849 uocabulo
742 2790 824 2864 aler,
856 2800 906 2849 ant
925 2787 1035 2848 Latino
1056 2799 1167 2849 aarum:

124 2876 304 2945 quamquam
323 2875 348 2931 ei
366 2883 498 2932 naturum
516 2873 596 2932 voela
617 2876 710 2946 ipsam
730 2875 969 2948 contemplamur,
990 2871 1169 2948 respondere

123 2956 224 3031 potine
244 2954 378 3016 videatur
396 2954 522 3016 Latinae
539 2956 697 3033 particulae
716 2974 792 3027 cero,
816 2959 872 3015 nisi
894 2957 973 3030 quod
994 2976 1028 3015 ea
1050 2955 1170 3030 quidem

124 3037 226 3113 paullo
245 3037 352 3097 sortior
373 3050 426 3117 eat,
447 3060 535 3114 quam
556 3036 701 3098 Graecum
723 3036 797 3095 illud
820 3035 858 3101 di
877 3042 911 3097 ia
933 3040 1031 3098 moltis
1051 3040 1170 3114 quidem

124 3120 229 3181 formio
254 3125 405 3183 orationis.
447 3122 536 3203 Quod
561 3125 588 3182 ai
614 3124 680 3195 quis
703 3120 804 3197 dicat,
826 3122 902 3180 nihil
929 3120 1049 3180 differre
1070 3142 1103 3180 ao
1125 3121 1170 3179 ti·-

125 3213 213 3281 elare,
234 3215 330 3265 utrum
353 3202 389 3270 δὲ
411 3216 514 3265 natura
535 3226 588 3265 oua
606 3206 855 3266 adseverationem
873 3204 982 3265 habere
1001 3206 1112 3263 dicatur
1131 3224 1171 3262 en

125 3292 360 3365 oppositionem,
392 3293 418 3349 ie
445 3290 635 3349 veliementer
670 3292 819 3348 erraverit.
868 3286 946 3348 Nam
973 3308 1008 3347 ea
1033 3290 1097 3363 ipoa
1126 3308 1171 3362 re,
1249 3296 1253 3303 '

125 3372 206 3447 quod
232 3370 268 3437 δὲ
295 3374 476 3433 adfirmative
501 3394 555 3449 per
579 3394 610 3433 ee
632 3372 773 3448 particula
793 3372 886 3433 foieee
906 3371 1036 3448 videtur,
1063 3373 1173 3432 factum

98 3476 101 3483 ¹
128 3464 191 3530 eet,
219 3468 250 3515 ut
278 3458 331 3518 illa
360 3460 577 3533 oppositionem
605 3462 675 3516 non'
692 3459 841 3516 contiueat
866 3458 923 3515 nisi
951 3457 1054 3529 talem,
1085 3476 1173 3530 qnae,

127 3542 226 3615 posita
246 3540 344 3617 eliqua
365 3562 409 3617 re,
429 3544 489 3601 iam
512 3542 548 3601 ule
566 3562 641 3601 nova
662 3562 695 3601 re
716 3540 869 3599 adsereret
887 3539 1029 3613 illamque
1042 3542 1174 3612 priorem

127 3642 189 3681 non
219 3625 344 3701 amplius
373 3628 521 3701 respiciat.
569 3625 637 3706 Qua
661 3627 704 3684 in·
723 3645 757 3684 re
783 3623 857 3683 illul
888 3624 1084 3682 falaiemmum
1111 3642 1175 3681 esee

127 3706 260 3784 videtur,
291 3708 371 3784 quod
400 3710 497 3769 docuit
521 3707 704 3785 Hartungins
730 3708 752 3767 l.
774 3708 796 3766 l.
824 3708 883 3766 vol.
906 3705 932 3765 l.
960 3727 992 3780 p.
1018 3712 1077 3765 162
1099 3727 1176 3782 sqq„

1 3786 3 3809 ²
126 3792 301 3866 particulam
321 3790 358 3857 cti
377 3790 454 3853 launo
472 3795 532 3854 uim
553 3792 672 3867 habere,
693 3800 727 3851 ut
745 3794 903 3865 coniungat
922 3791 1006 3866 plura
1026 3792 1178 3849 enuntiata

129 3876 209 3934 inter
231 3896 274 3935 aa.
314 3874 372 3937 llln
393 3880 471 3937 emm
494 3876 638 3953 particula
655 3896 720 3935 enm
742 3878 838 3953 ipsam
858 3877 921 3934 vim
941 3873 1047 3950 habet,
1075 3873 1178 3931 utalr-
1209 3934 1213 3941 ,

130 3955 215 4016 ducat
233 3979 288 4020 noe
309 3962 345 4019 eb
370 3981 406 4020 aa
426 3982 470 4037 re,
496 3980 572 4035 qnae
595 3954 744 4036 proposita
765 3970 820 4036 eet,
841 3960 1056 4033 transieratque
1076 3953 1113 4014 acl
1134 3955 1178 4029 iul,

130 4041 229 4115 quod,
258 4045 347 4105 micea
374 4044 427 4105 illa
453 4048 553 4121 priore
579 4064 629 4119 ra,
655 4046 714 4103 iam
741 4064 797 4118 pro
822 4063 894 4102 vero
920 4040 1090 4117 ponendam
1113 4058 1179 4098 eoae
1262 4054 1270 4064 ‘

128 4124 273 4189 videatur.
316 4124 378 4187 sat
396 4128 474 4189 nihil
496 4139 555 4203 eet,
584 4126 663 4202 quod
685 4129 734 4186 isti
756 4148 818 4185 non
839 4133 1045 4185 connectentur
1065 4125 1180 4198 origine

128 4210 302 4287 verborum,
326 4232 415 4287 quam
438 4215 498 4289 ipoi
520 4212 695 4271 describunt.
737 4207 845 4283 Neque
866 4210 945 4267 enirn
969 4208 1055 4266 oredo
1079 4226 1181 4280 quem·

13 4283 19 4300 ¹
128 4312 219 4366 quam
240 4295 433 4357 udcenourum
452 4316 517 4357 enee
530 4294 705 4371 Hertunpio,
727 4296 779 4368 qul
800 4288 839 4356 oi
857 4302 1011 4368 cognatum
1033 4310 1099 4350 ease
1116 4308 1182 4348 eum

128 4375 227 4437 forme
255 4374 308 4455 δὶς
332 4381 447 4455 putarit
471 4382 649 4457 proprieque
675 4396 777 4439 roccae
803 4382 978 4437 rutilorum
1005 4374 1182 4453 significare.
