2850 4842
145 473 150 483 ,
270 402 336 471 soa
653 388 657 391 ’
766 400 829 490 as.

151 622 180 651 ,ι
271 582 302 636 et
321 593 412 650 mox,
443 566 501 635 adv
522 567 617 635 deire
636 566 695 637 adr
714 570 775 635 τοῦ
797 567 906 647 δεῖνα,
934 575 964 632 et
984 570 1085 647 paullo
1105 580 1174 649 prat
1194 564 1215 658 ἦ
1238 567 1316 639 δεῖν’

210 681 219 696 ·
272 652 386 737 ἔμοιγε
409 646 645 795 (συσκηνῖτριά
668 646 781 735 ἔστιν).
818 653 934 733 Quarto
956 652 1095 733 denique,
1116 678 1205 733 quum
1225 660 1319 734 qaod-

270 741 344 801 llbet
380 757 488 797 uomen
519 757 539 795 a
560 737 656 796 hiberi
684 758 770 813 posse
797 738 971 798 iudicamus.
1022 737 1111 800 Cuius
1140 742 1222 802 modi
1250 752 1320 804 aaut

272 823 410 896 exempla
435 843 452 880 a
477 818 678 881 Demosthene
707 823 808 897 petita.
860 818 912 882 sic
941 822 1019 897 quod
1048 822 1155 885 Graeci
1180 817 1200 887 ὁ
1226 822 1320 889 δεῖνα

274 899 370 970 καὶὸ
396 902 625 979 (latratuum,
653 902 766 964 Latina
796 902 852 962 dici
879 905 973 965 soleta
1018 909 1105 967 Gaius
1134 918 1161 967 st
1182 911 1319 985 Sempro-

272 996 369 1051 nius«
411 987 453 1048 lis
476 988 566 1064 locis,
595 1007 670 1062 quos
696 1009 715 1047 a
736 986 936 1047 Demosthene
963 992 1070 1064 petitos
1100 991 1236 1066 adposuit
1256 990 1318 1050 De·

273 1076 393 1148 uarium,
423 1070 491 1130 addi
519 1070 553 1130 lai
581 1079 704 1147 possunt
724 1070 934 1131 Demosthenis
966 1092 1006 1133 ex
1031 1082 1105 1133 orat.
1135 1076 1250 1147 oleati.
1278 1072 1318 1134 11.

275 1158 304 1226 ς.
327 1163 378 1215 31.
402 1153 448 1214 ed.
468 1151 569 1215 Bakk.
601 1160 707 1232 p.27,
731 1161 780 1217 11.
803 1153 850 1214 ed.
871 1152 978 1219 Reate
1007 1152 1065 1219 καὶ
1092 1152 1135 1219 τὰ
1162 1152 1319 1235 βέλτιστα

276 1226 323 1301 ὧν
344 1231 383 1301 tiu
405 1229 569 1321 ductiones
587 1230 781 1320 αἱρεῖσθαι,
797 1231 852 1339 (μ’
879 1226 902 1299 di
925 1230 1003 1300 livi
1029 1237 1121 1301 δεῖνα
1140 1231 1201 1323 ἢὸ
1226 1237 1319 1303 δεῖνα

275 1315 370 1405 εἴπῃ.
411 1318 518 1394 Neque
543 1321 625 1423 ‘dim
651 1328 763 1381 tautum
792 1340 810 1381 o
835 1260 929 1387 deira
952 1317 1009 1384 καὶ
1030 1316 1049 1384 ὁ
1071 1319 1181 1393 δεῖνα,
1215 1344 1320 1385 verum

275 1406 378 1464 etiamr
403 1396 420 1466 ὁ
446 1401 538 1465 δεῖνα
603 1394 621 1465 ὃ
643 1397 745 1475 δεῖνα,
768 1390 1028 1465 dcctaurGiaect.
1052 1401 1129 1463 Tuus
1158 1408 1318 1477 oratissd.

276 1493 306 1563 ς.
334 1489 402 1546 141.
426 1486 472 1545 ed.
494 1426 595 1545 Beki.
618 1506 647 1561 p.
673 1488 746 1549 560.
769 1485 816 1545 ed.
840 1484 945 1546 Reisk.
990 1484 1033 1551 Τί
1064 1484 1111 1591 δὴδ
1129 1482 1171 1551 τὰ
1192 1484 1251 1553 καὶ
1275 1485 1318 1553 τὰ

276 1565 463 1648 πεπονθὼς
482 1562 502 1632 ὁ
524 1560 700 1633 deieceris
723 1562 890 1655 ἐλάμβανε
912 1564 1006 1659 dispo
1025 1590 1098 1657 nep
1135 1566 1234 1653 ἐμοῢς

757 1751 791 1817 A
811 1746 844 1840 ἡ.

366 1902 416 1963 De
443 1905 537 1979 prima
568 1899 608 1989 δὴ
635 1902 796 1979 particulae
827 1902 1042 1981 siguificatidue
1072 1912 1150 1968 recte
1173 1903 1321 1967 Devarius

281 1986 338 2051 hoc
357 1991 521 2064 praecepit,
546 1989 642 2046 videri
664 2008 730 2047 eam
757 1987 836 2047 idem
864 1990 942 2064 iere,
970 1987 1047 2063 quod
1076 1978 1152 2073 ἤδη,
1180 1989 1344 2051 denotare·

255 2118 262 2131 .
279 2073 517 2146 respondereque
539 2070 648 2130 Latino
665 2072 743 2130 iam.
793 2068 878 2151 Quae
898 2072 1071 2148 significatio
1086 2074 1244 2133 obtinenda
1265 2084 1320 2135 ast.

278 2154 358 2225 Nam
382 2156 469 2214 facile
493 2154 562 2213 hinc
589 2157 683 2213 omnis
704 2155 863 2229 'resticulae
889 2176 958 2215 naus
979 2156 1123 2230 explicari
1143 2159 1263 2234 poterit,
1292 2160 1319 2217 si

280 2250 431 2300 teneamus
461 2231 520 2319 δή,
546 2228 603 2300 etsi
629 2239 778 2315 aliquanto
799 2238 909 2325 leuius,
936 2260 1027 2321 quam
1046 2229 1123 2323 ἤδη,
1148 2249 1244 2301 tamen
1265 2240 1321 2300 hoo

281 2343 399 2398 semper
422 2322 604 2398 siguificare,
631 2320 667 2380 de
688 2342 739 2397 eo,
769 2323 846 2397 quod
866 2322 1017 2380 inducatur
1040 2342 1094 2399 per
1107 2342 1179 2383 *eam
1196 2328 1322 2399 particu-

226 2444 230 2447 -
279 2407 354 2480 lam,
383 2408 443 2464 iam
469 2407 554 2481 quasi
582 2405 618 2464 de
644 2425 676 2463 re
698 2407 731 2462 iu
751 2404 826 2463 facto
853 2424 886 2463 ac
909 2408 1030 2465 veritate
1056 2409 1150 2481 posita
1177 2418 1320 2488 constare.

277 2489 313 2549 ld
339 2499 442 2547 teneus
467 2499 545 2547 recte
569 2490 718 2563 praecepit
745 2486 925 2562 Hartungius
952 2488 1018 2549 l.1.
1043 2490 1102 2549 vol.
1135 2488 1159 2554 1.
1182 2512 1212 2565 p·
1234 2496 1320 2567 2⁴7„

278 2571 372 2631 videri
394 2574 471 2627 iuter
490 2562 552 2655 ἤδη
575 2581 603 2629 et
617 2566 656 2655 or)
679 2570 832 2631 discrimen
853 2571 909 2631 hoc
927 2590 1006 2632 esset
1029 2575 1055 2632 ai
1076 2583 1236 2648 poneretur
1256 2566 1319 2657 ἤδη

278 2647 355 2716 τότε
370 2654 418 2711 rel
441 2641 504 2735 ἤδη
526 2653 582 2714 νῦν
602 2664 653 2713 aut
673 2656 764 2713 stiam
785 2650 855 2717 τότ’
879 2646 944 2738 ἤδη
965 2655 1013 2715 vel
1034 2656 1089 2718 νῦν
1110 2646 1190 2741 ἤδη,
1210 2664 1320 2719 umam-

280 2738 339 2813 q'ue
376 2755 478 2792 vocem
510 2756 564 2809 per
591 2757 624 2795 se
661 2746 792 2797 constare
826 2758 859 2797 ao
890 2740 976 2811 quasi
1014 2738 1108 2798 libera
1137 2744 1319 2815 appositione

278 2817 351 2878 lraec
372 2820 470 2876 omnia
487 2820 564 2877 iuter
583 2840 616 2880 se
636 2823 788 2897 coniungiz
809 2822 855 2880 siu
876 2820 1018 2881 diceretur
1038 2816 1114 2885 τότε
1136 2821 1156 2885 ὁ
1166 2820 1173 2842 “
1199 2824 1249 2885 rel
1266 2824 1320 2888 νῦν

280 2895 338 2983 δή.
366 2899 406 2985 dr}
432 2901 601 2976 particulam
623 2926 683 2962 nou
706 2913 765 2966 tam
788 2926 843 2983 per
863 2925 896 2964 ae
915 2918 1060 2980 constare,
1088 2904 1140 2964 sed
1157 2847 1201 2965 ita
1224 2910 1320 2967 subie-

279 2995 354 3043 ctam
378 3005 443 3044 esse
469 2986 654 3059 praecedeuti
678 2990 762 3061 roci,
793 2998 825 3046 ut
846 3008 881 3047 ea
908 2989 1047 3064 particula
1074 2990 1133 3049 uisi
1164 3010 1220 3065 per
1245 2988 1319 3048 haue

277 3089 379 3129 rocem
406 3069 515 3131 nnllam
543 3070 736 3145 adverbum,
761 3070 839 3148 qnod
859 3072 891 3129 iu
912 3092 1027 3151 quaque
1047 3074 1249 3133 enuntiatione
1268 3072 1319 3132 ha·

278 3153 412 3224 leretur,
438 3156 497 3214 rim
524 3152 652 3214 haberet.
694 3153 761 3239 Hoc
784 3156 874 3229 igitur
895 3155 981 3214 modo
1003 3176 1090 3230 quom
1112 3152 1152 3244 dt)
1178 3157 1215 3217 ad
1236 3176 1318 3232 prae·

279 3237 427 3295 cedentem
449 3257 551 3295 uocem
577 3239 773 3313 applicaretur
799 3240 951 3315 aptiusque
973 3259 1038 3297 cum
1064 3259 1100 3299 ea
1127 3241 1318 3317 copularetur,

278 3320 386 3381 tactum
409 3330 463 3395 est,
485 3330 518 3379 ut
538 3320 735 3397 iu‘priucipio
758 3322 876 3394 quidem
898 3323 1039 3382 orationis
1061 3341 1095 3381 ea
1117 3324 1258 3399 particula
1278 3326 1318 3383 lo-

279 3423 344 3460 cum
378 3424 438 3460 uoa
472 3402 607 3481 liaberet,
649 3408 676 3464 si
708 3404 877 3465 discesseris
915 3409 951 3465 ab
986 3408 1115 3480 auctiquis
1148 3406 1319 3485 quibusdam

278 3484 393 3545 dicendi
416 3488 563 3563 formulis,
593 3488 695 3563 quales
718 3499 799 3548 saura
829 3482 870 3570 δὴ
896 3482 988 3567 τότε,
1020 3483 1059 3573 δὴ
1088 3480 1164 3569 γάρ,
1197 3512 1319 3567 (paurum

278 3568 469 3629 formularum
495 3572 587 3631 altera
616 3592 680 3630 cum
702 3572 740 3631 ab
765 3570 896 3632 Homero
921 3573 1077 3653 aliquoties
1108 3576 1199 3647 posita
1232 3584 1340 3646 essen·

128 3606 135 3622 a
183 3688 186 3692 f
277 3652 349 3713 luluc
379 3657 465 3714 etiam
496 3656 533 3714 ad
558 3653 745 3732 Aeschylum
776 3658 808 3715 iu
832 3658 944 3733 Septem
969 3656 1034 3715 odo.
1065 3656 1174 3715 Hebae
1197 3678 1223 3715 s.
1258 3663 1318 3717 196

278 3749 308 3796 et
332 3735 367 3795 ad
394 3735 551 3797 Pindarum
581 3740 691 3815 Olpnrp.
718 3738 766 3798 od.
790 3736 848 3801 lll.
875 3759 904 3798 v.
929 3744 981 3798 26.
1007 3739 1128 3799 videtur·
1142 3742 1316 3815 pervenisse.

278 3817 340 3879 Sed
361 3821 496 3879 enclitica
518 3832 613 3880 tamea
633 3823 775 3896 particula
794 3823 870 3881 iacta
889 3842 1049 3896 numquam
1068 3832 1123 3898 eat,
1144 3843 1319 3899 quamquam

276 3906 335 3963 iam
362 3907 482 3979 antiquo
509 3913 639 3979 tempore
666 3904 702 3964 de
734 3906 836 3965 euclisi
862 3911 976 3965 ieteres
1003 3906 1122 3981 quidam
1143 3910 1321 3983 grammatici

277 3990 450 4063 cogitavisse
479 3988 630 4063 ridentur,
659 4010 717 4063 qua
743 3990 779 4047 de
803 4010 835 4048 re
861 3988 1006 4049 videndus
1028 3999 1072 4048 ast
1094 3988 1268 4051 Eustatlrius
1288 4012 1319 4066 p.

279 4077 356 4146 17³,
393 4076 441 4129 16.
466 4094 495 4147 p.
520 4076 595 4148 174,
626 4075 656 4130 5.
688 4070 776 4131 ‘Nisi
800 4073 876 4131 sorte
902 4070 959 4131 lruu
991 4093 1094 4133 vocare
1124 4074 1199 4133 illud
1228 4076 1320 4148 uoles,

278 4154 372 4213 videri
399 4150 460 4217 ὅδε
487 4176 525 4215 ex
556 4149 575 4217 ὁ
602 4153 641 4240 δὴ
664 4156 704 4214 ita
725 4167 823 4214 uatum
845 4176 926 4232 esse,
952 4166 983 4215 ut
1003 4176 1043 4215 ex
1064 4152 1085 4219 ὅ
1105 4154 1164 4241 δη,
1191 4170 1321 4233 correpta

278 4230 320 4321 or>
342 4238 497 4313 particule,
523 4234 545 4302 δ’
566 4236 618 4315 da,
639 4239 708 4299 iudo
728 4234 788 4309 dds
807 4242 944 4302 oriretur.
987 4238 1064 4304 Nam
1084 4239 1157 4302 illud
1177 4239 1214 4311 dd
1236 4243 1321 4307 eccli·
