<?xml version="1.0" encoding="UTF-8"?>
<!DOCTYPE html PUBLIC "-//W3C//DTD XHTML 1.0 Transitional//EN"
    "http://www.w3.org/TR/xhtml1/DTD/xhtml1-transitional.dtd">
<html xmlns="http://www.w3.org/1999/xhtml" xml:lang="en" lang="en">
 <head>
  <title>
</title>
<meta http-equiv="Content-Type" content="text/html;charset=utf-8" />
  <meta name='ocr-system' content='tesseract 3.04.00' />
  <meta name='ocr-capabilities' content='ocr_page ocr_carea ocr_par ocr_line ocrx_word'/>
</head>
<body>
  <div class='ocr_page' id='page_1' title='image "./matthaeidevarii00unkngoog_0869.png"; bbox 0 0 2850 4842; ppageno 0'>
   <div class='ocr_carea' id='block_1_1' title="bbox 550 455 1164 546">
    <p class='ocr_par' dir='ltr' id='par_1_1' title="bbox 550 455 1164 546">
     <span class='ocr_line' id='line_1_1' title="bbox 550 455 1164 546; baseline 0.008 -21"><span class='ocrx_word' id='word_1_1' title='bbox 550 455 734 546; x_wconf 70' lang='grc' dir='ltr'><em>ἐπειδή.</em></span> <span class='ocrx_word' id='word_1_2' title='bbox 1100 465 1164 534; x_wconf 76' lang='lat'><strong>⁵⁵1</strong></span> 
     </span>
    </p>
   </div>
   <div class='ocr_carea' id='block_1_2' title="bbox 5 608 1332 4326">
    <p class='ocr_par' dir='ltr' id='par_1_2' title="bbox 119 608 1164 1059">
     <span class='ocr_line' id='line_1_2' title="bbox 122 608 1162 709; baseline 0.008 -27"><span class='ocrx_word' id='word_1_3' title='bbox 122 622 209 682; x_wconf 83' lang='lat' dir='ltr'><strong>modo</strong></span> <span class='ocrx_word' id='word_1_4' title='bbox 232 642 320 699; x_wconf 84' lang='lat' dir='ltr'><strong>saepe</strong></span> <span class='ocrx_word' id='word_1_5' title='bbox 346 608 435 683; x_wconf 80' lang='lat' dir='ltr'><strong>etiam</strong></span> <span class='ocrx_word' id='word_1_6' title='bbox 456 621 605 688; x_wconf 78' lang='lat' dir='ltr'><strong>Lucienus</strong></span> <span class='ocrx_word' id='word_1_7' title='bbox 625 627 786 701; x_wconf 75' lang='lat' dir='ltr'><strong>optativum</strong></span> <span class='ocrx_word' id='word_1_8' title='bbox 803 627 902 688; x_wconf 76' lang='lat' dir='ltr'><strong>tantis</strong></span> <span class='ocrx_word' id='word_1_9' title='bbox 923 638 988 706; x_wconf 87' lang='lat' dir='ltr'><strong>post</strong></span> <span class='ocrx_word' id='word_1_10' title='bbox 1009 626 1162 709; x_wconf 68' lang='grc' dir='ltr'><em>ἐπειδάν,</em></span> 
     </span>
     <span class='ocr_line' id='line_1_3' title="bbox 121 705 1162 785; baseline 0.011 -21"><span class='ocrx_word' id='word_1_11' title='bbox 121 709 171 764; x_wconf 90' lang='lat' dir='ltr'><strong>ubi</strong></span> <span class='ocrx_word' id='word_1_12' title='bbox 199 706 276 766; x_wconf 78' lang='lat' dir='ltr'><strong>aliun</strong></span> <span class='ocrx_word' id='word_1_13' title='bbox 305 705 407 767; x_wconf 85' lang='lat' dir='ltr'><strong>modus</strong></span> <span class='ocrx_word' id='word_1_14' title='bbox 436 710 508 782; x_wconf 86' lang='lat' dir='ltr'><strong>poni</strong></span> <span class='ocrx_word' id='word_1_15' title='bbox 528 717 656 785; x_wconf 83' lang='lat' dir='ltr'><strong>poteret,</strong></span> <span class='ocrx_word' id='word_1_16' title='bbox 685 710 740 772; x_wconf 76' lang='lat' dir='ltr'><strong>sed</strong></span> <span class='ocrx_word' id='word_1_17' title='bbox 761 714 930 772; x_wconf 85' lang='lat' dir='ltr'><strong>concinnior</strong></span> <span class='ocrx_word' id='word_1_18' title='bbox 950 724 1046 773; x_wconf 83' lang='lat' dir='ltr'><strong>tumen</strong></span> <span class='ocrx_word' id='word_1_19' title='bbox 1067 720 1162 775; x_wconf 86' lang='lat' dir='ltr'><strong>cretio</strong></span> 
     </span>
     <span class='ocr_line' id='line_1_4' title="bbox 121 789 1164 873; baseline 0.01 -25"><span class='ocrx_word' id='word_1_20' title='bbox 121 799 185 863; x_wconf 85' lang='lat' dir='ltr'><strong>cst,</strong></span> <span class='ocrx_word' id='word_1_21' title='bbox 207 789 285 862; x_wconf 78' lang='lat' dir='ltr'><strong>qtnod</strong></span> <span class='ocrx_word' id='word_1_22' title='bbox 306 793 391 863; x_wconf 76' lang='lat' dir='ltr'><strong>qnasi</strong></span> <span class='ocrx_word' id='word_1_23' title='bbox 410 811 450 850; x_wconf 87' lang='lat' dir='ltr'><strong>ex</strong></span> <span class='ocrx_word' id='word_1_24' title='bbox 471 791 591 861; x_wconf 74' lang='lat' dir='ltr'><strong>alterins</strong></span> <span class='ocrx_word' id='word_1_25' title='bbox 612 795 835 853; x_wconf 69' lang='lat' dir='ltr'><strong>ratiocinatione</strong></span> <span class='ocrx_word' id='word_1_26' title='bbox 856 816 907 856; x_wconf 85' lang='lat' dir='ltr'><strong>res</strong></span> <span class='ocrx_word' id='word_1_27' title='bbox 925 808 1081 873; x_wconf 78' lang='lat' dir='ltr'><strong>spectetur,</strong></span> <span class='ocrx_word' id='word_1_28' title='bbox 1101 800 1164 858; x_wconf 81' lang='lat' dir='ltr'><strong>rel·</strong></span> 
     </span>
     <span class='ocr_line' id='line_1_5' title="bbox 119 871 1164 947; baseline 0.015 -19"><span class='ocrx_word' id='word_1_29' title='bbox 119 875 171 930; x_wconf 91' lang='lat' dir='ltr'><strong>nti·</strong></span> <span class='ocrx_word' id='word_1_30' title='bbox 195 875 225 929; x_wconf 90' lang='lat' dir='ltr'><strong>in</strong></span> <span class='ocrx_word' id='word_1_31' title='bbox 252 871 378 932; x_wconf 86' lang='lat' dir='ltr'><strong>Luciani</strong></span> <span class='ocrx_word' id='word_1_32' title='bbox 412 877 502 932; x_wconf 76' lang='lat' dir='ltr'><strong>lorcin</strong></span> <span class='ocrx_word' id='word_1_33' title='bbox 524 879 585 932; x_wconf 84' lang='lat' dir='ltr'><strong>sine</strong></span> <span class='ocrx_word' id='word_1_34' title='bbox 615 880 696 935; x_wconf 84' lang='lat' dir='ltr'><strong>asino</strong></span> <span class='ocrx_word' id='word_1_35' title='bbox 728 880 756 947; x_wconf 83' lang='lat'><strong>§.</strong></span> <span class='ocrx_word' id='word_1_36' title='bbox 781 883 832 935; x_wconf 76' lang='lat'><strong>³7.</strong></span> <span class='ocrx_word' id='word_1_37' title='bbox 859 878 980 938; x_wconf 80' lang='lat' dir='ltr'><strong>dicitnr:</strong></span> <span class='ocrx_word' id='word_1_38' title='bbox 1008 871 1164 944; x_wconf 76' lang='grc' dir='ltr'><em>Ἐπειδὰν</em></span> 
     </span>
     <span class='ocr_line' id='line_1_6' title="bbox 120 947 1164 1059; baseline 0.007 -43"><span class='ocrx_word' id='word_1_39' title='bbox 120 947 152 1016; x_wconf 77' lang='grc' dir='ltr'><strong>δ’</strong></span> <span class='ocrx_word' id='word_1_40' title='bbox 178 947 228 1028; x_wconf 79' lang='grc' dir='ltr'><em>εἰς</em></span> <span class='ocrx_word' id='word_1_41' title='bbox 252 949 366 1035; x_wconf 86' lang='grc' dir='ltr'><em>κιάμην</em></span> <span class='ocrx_word' id='word_1_42' title='bbox 393 951 466 1016; x_wconf 87' lang='grc' dir='ltr'><em>τινὰ</em></span> <span class='ocrx_word' id='word_1_43' title='bbox 488 951 752 1039; x_wconf 71' lang='grc' dir='ltr'><em>προσέλθωμεν,</em></span> <span class='ocrx_word' id='word_1_44' title='bbox 780 955 844 1039; x_wconf 71' lang='grc' dir='ltr'><strong>ἐγὼ</strong></span> <span class='ocrx_word' id='word_1_45' title='bbox 863 958 926 1059; x_wconf 70' lang='grc' dir='ltr'><em>ηιὲν</em></span> <span class='ocrx_word' id='word_1_46' title='bbox 946 954 966 1022; x_wconf 84' lang='grc' dir='ltr'>ὁ</span> <span class='ocrx_word' id='word_1_47' title='bbox 989 959 1164 1046; x_wconf 70' lang='grc' dir='ltr'><em>θεοφόρη-</em></span> 
     </span>
    </p>

    <p class='ocr_par' dir='ltr' id='par_1_3' title="bbox 77 1029 1161 1366">
     <span class='ocr_line' id='line_1_7' title="bbox 77 1029 1161 1125; baseline 0.011 -31"><span class='ocrx_word' id='word_1_48' title='bbox 77 1089 83 1094; x_wconf 94' lang='grc'><em>.</em></span> <span class='ocrx_word' id='word_1_49' title='bbox 119 1057 178 1110; x_wconf 87' lang='grc' dir='ltr'><strong>τος</strong></span> <span class='ocrx_word' id='word_1_50' title='bbox 201 1031 359 1120; x_wconf 72' lang='grc' dir='ltr'><em>ἱστάμην,</em></span> <span class='ocrx_word' id='word_1_51' title='bbox 388 1029 406 1098; x_wconf 85' lang='grc' dir='ltr'>ὁ</span> <span class='ocrx_word' id='word_1_52' title='bbox 439 1033 475 1101; x_wconf 76' lang='grc' dir='ltr'><strong>δὲ</strong></span> <span class='ocrx_word' id='word_1_53' title='bbox 504 1029 648 1122; x_wconf 72' lang='grc' dir='ltr'><em>αὐλητὴς</em></span> <span class='ocrx_word' id='word_1_54' title='bbox 669 1035 788 1118; x_wconf 75' lang='grc' dir='ltr'><em>ὅμιλος</em></span> <span class='ocrx_word' id='word_1_55' title='bbox 809 1039 918 1125; x_wconf 56' lang='lat' dir='ltr'><strong>&amp;pron</strong></span> <span class='ocrx_word' id='word_1_56' title='bbox 941 1037 1058 1106; x_wconf 75' lang='grc' dir='ltr'><em>ἔνθεον</em></span> <span class='ocrx_word' id='word_1_57' title='bbox 1079 1039 1161 1113; x_wconf 70' lang='lat' dir='ltr'><strong>arb,</strong></span> 
     </span>
     <span class='ocr_line' id='line_1_8' title="bbox 121 1118 1160 1199; baseline 0.009 -23"><span class='ocrx_word' id='word_1_58' title='bbox 121 1119 198 1191; x_wconf 75' lang='lat' dir='ltr'><strong>(procl</strong></span> <span class='ocrx_word' id='word_1_59' title='bbox 225 1121 405 1194; x_wconf 73' lang='lat' dir='ltr'><strong>aliquantum</strong></span> <span class='ocrx_word' id='word_1_60' title='bbox 435 1118 531 1180; x_wconf 83' lang='lat' dir='ltr'><strong>differt</strong></span> <span class='ocrx_word' id='word_1_61' title='bbox 561 1123 597 1180; x_wconf 85' lang='lat' dir='ltr'><strong>eh</strong></span> <span class='ocrx_word' id='word_1_62' title='bbox 621 1141 673 1196; x_wconf 83' lang='lat' dir='ltr'><strong>eo,</strong></span> <span class='ocrx_word' id='word_1_63' title='bbox 704 1124 782 1197; x_wconf 79' lang='lat' dir='ltr'><strong>qnod</strong></span> <span class='ocrx_word' id='word_1_64' title='bbox 809 1125 865 1183; x_wconf 77' lang='lat' dir='ltr'><strong>clici</strong></span> <span class='ocrx_word' id='word_1_65' title='bbox 892 1129 987 1199; x_wconf 86' lang='lat' dir='ltr'><strong>potnit</strong></span> <span class='ocrx_word' id='word_1_66' title='bbox 1004 1125 1060 1185; x_wconf 89' lang='lat' dir='ltr'><strong>hoc</strong></span> <span class='ocrx_word' id='word_1_67' title='bbox 1081 1126 1160 1184; x_wconf 73' lang='lat' dir='ltr'><strong>lncoc</strong></span> 
     </span>
     <span class='ocr_line' id='line_1_9' title="bbox 112 1192 1161 1291; baseline 0.008 -31"><span class='ocrx_word' id='word_1_68' title='bbox 112 1192 249 1284; x_wconf 80' lang='grc' dir='ltr'><em>Ἐπειδὴ</em></span> <span class='ocrx_word' id='word_1_69' title='bbox 283 1193 323 1264; x_wconf 48' lang='grc' dir='ltr'><strong>δ’,</strong></span> <span class='ocrx_word' id='word_1_70' title='bbox 347 1195 396 1276; x_wconf 79' lang='grc' dir='ltr'><em>εἰς</em></span> <span class='ocrx_word' id='word_1_71' title='bbox 421 1196 534 1285; x_wconf 84' lang='grc' dir='ltr'><em>κώμην</em></span> <span class='ocrx_word' id='word_1_72' title='bbox 554 1200 627 1266; x_wconf 86' lang='grc' dir='ltr'><em>τινὰ</em></span> <span class='ocrx_word' id='word_1_73' title='bbox 648 1199 906 1288; x_wconf 74' lang='grc' dir='ltr'><em>προσηλδομεν,</em></span> <span class='ocrx_word' id='word_1_74' title='bbox 932 1209 963 1267; x_wconf 85' lang='lat' dir='ltr'><strong>it</strong></span> <span class='ocrx_word' id='word_1_75' title='bbox 983 1212 1063 1291; x_wconf 73' lang='lat' dir='ltr'><strong>enim</strong></span> <span class='ocrx_word' id='word_1_76' title='bbox 1083 1209 1161 1268; x_wconf 82' lang='lat' dir='ltr'><strong>dice·</strong></span> 
     </span>
     <span class='ocr_line' id='line_1_10' title="bbox 118 1284 1160 1366; baseline 0.007 -24"><span class='ocrx_word' id='word_1_77' title='bbox 118 1293 201 1342; x_wconf 84' lang='lat' dir='ltr'><strong>retur</strong></span> <span class='ocrx_word' id='word_1_78' title='bbox 221 1284 257 1342; x_wconf 78' lang='lat' dir='ltr'><strong>(le</strong></span> <span class='ocrx_word' id='word_1_79' title='bbox 281 1304 351 1343; x_wconf 80' lang='lat' dir='ltr'><strong>vero</strong></span> <span class='ocrx_word' id='word_1_80' title='bbox 374 1285 467 1360; x_wconf 81' lang='lat' dir='ltr'><strong>secto,</strong></span> <span class='ocrx_word' id='word_1_81' title='bbox 492 1307 569 1344; x_wconf 90' lang='lat' dir='ltr'><strong>nnnc</strong></span> <span class='ocrx_word' id='word_1_82' title='bbox 588 1306 635 1346; x_wconf 85' lang='lat' dir='ltr'><strong>res</strong></span> <span class='ocrx_word' id='word_1_83' title='bbox 657 1297 810 1353; x_wconf 84' lang='lat' dir='ltr'><strong>revocatur</strong></span> <span class='ocrx_word' id='word_1_84' title='bbox 831 1289 868 1348; x_wconf 78' lang='lat' dir='ltr'><strong>ccl</strong></span> <span class='ocrx_word' id='word_1_85' title='bbox 889 1293 1104 1366; x_wconf 71' lang='lat' dir='ltr'><strong>cogitationem,</strong></span> <span class='ocrx_word' id='word_1_86' title='bbox 1120 1302 1160 1349; x_wconf 71' lang='lat' dir='ltr'><strong>nt</strong></span> 
     </span>
    </p>

    <p class='ocr_par' dir='ltr' id='par_1_4' title="bbox 5 1362 1242 3013">
     <span class='ocr_line' id='line_1_11' title="bbox 35 1362 1195 1448; baseline 0.009 -27"><span class='ocrx_word' id='word_1_87' title='bbox 35 1362 45 1372; x_wconf 81' lang='grc'><strong>“</strong></span> <span class='ocrx_word' id='word_1_88' title='bbox 119 1370 233 1440; x_wconf 80' lang='lat' dir='ltr'><strong>quoties</strong></span> <span class='ocrx_word' id='word_1_89' title='bbox 255 1377 422 1441; x_wconf 77' lang='lat' dir='ltr'><strong>reputarent</strong></span> <span class='ocrx_word' id='word_1_90' title='bbox 443 1389 475 1428; x_wconf 89' lang='lat' dir='ltr'><strong>se</strong></span> <span class='ocrx_word' id='word_1_91' title='bbox 496 1367 631 1428; x_wconf 76' lang='lat' dir='ltr'><strong>accedere</strong></span> <span class='ocrx_word' id='word_1_92' title='bbox 652 1367 688 1427; x_wconf 86' lang='lat' dir='ltr'><strong>cd</strong></span> <span class='ocrx_word' id='word_1_93' title='bbox 709 1373 804 1428; x_wconf 82' lang='lat' dir='ltr'><strong>vinnm</strong></span> <span class='ocrx_word' id='word_1_94' title='bbox 825 1372 963 1448; x_wconf 82' lang='lat' dir='ltr'><strong>aliquem,</strong></span> <span class='ocrx_word' id='word_1_95' title='bbox 980 1377 1064 1432; x_wconf 84' lang='lat' dir='ltr'><strong>toties</strong></span> <span class='ocrx_word' id='word_1_96' title='bbox 1085 1374 1159 1432; x_wconf 82' lang='lat' dir='ltr'><strong>illud</strong></span> <span class='ocrx_word' id='word_1_97' title='bbox 1186 1388 1195 1396; x_wconf 77' lang='lat'>‘</span> 
     </span>
     <span class='ocr_line' id='line_1_12' title="bbox 117 1449 1157 1530; baseline 0.006 -22"><span class='ocrx_word' id='word_1_98' title='bbox 117 1451 238 1510; x_wconf 76' lang='lat' dir='ltr'><strong>factum,</strong></span> <span class='ocrx_word' id='word_1_99' title='bbox 254 1470 318 1508; x_wconf 82' lang='lat' dir='ltr'><strong>esee</strong></span> <span class='ocrx_word' id='word_1_100' title='bbox 347 1458 509 1526; x_wconf 71' lang='lat' dir='ltr'><strong>appareret.</strong></span> <span class='ocrx_word' id='word_1_101' title='bbox 551 1449 592 1509; x_wconf 80' lang='lat' dir='ltr'><strong>Et</strong></span> <span class='ocrx_word' id='word_1_102' title='bbox 622 1454 666 1511; x_wconf 85' lang='lat' dir='ltr'><strong>sic</strong></span> <span class='ocrx_word' id='word_1_103' title='bbox 687 1453 796 1511; x_wconf 79' lang='lat' dir='ltr'><strong>ibidem</strong></span> <span class='ocrx_word' id='word_1_104' title='bbox 825 1456 925 1530; x_wconf 84' lang='lat' dir='ltr'><strong>paullo</strong></span> <span class='ocrx_word' id='word_1_105' title='bbox 950 1467 1016 1530; x_wconf 86' lang='lat' dir='ltr'><strong>post</strong></span> <span class='ocrx_word' id='word_1_106' title='bbox 1037 1457 1157 1514; x_wconf 79' lang='lat' dir='ltr'><strong>dicitnr:</strong></span> 
     </span>
     <span class='ocr_line' id='line_1_13' title="bbox 113 1523 1158 1614; baseline 0.009 -24"><span class='ocrx_word' id='word_1_107' title='bbox 113 1523 267 1594; x_wconf 75' lang='grc' dir='ltr'><em>Ἐπειδὰν</em></span> <span class='ocrx_word' id='word_1_108' title='bbox 295 1529 332 1596; x_wconf 81' lang='grc' dir='ltr'><strong>δὲ</strong></span> <span class='ocrx_word' id='word_1_109' title='bbox 362 1526 592 1614; x_wconf 79' lang='grc' dir='ltr'><em>κατακόψειαν</em></span> <span class='ocrx_word' id='word_1_110' title='bbox 618 1529 725 1608; x_wconf 72' lang='grc' dir='ltr'><em>οὕτως</em></span> <span class='ocrx_word' id='word_1_111' title='bbox 757 1528 909 1612; x_wconf 77' lang='grc' dir='ltr'><em>ἑαυτούς,</em></span> <span class='ocrx_word' id='word_1_112' title='bbox 938 1534 976 1600; x_wconf 86' lang='grc' dir='ltr'><strong>εἰι</strong></span> <span class='ocrx_word' id='word_1_113' title='bbox 1004 1539 1070 1599; x_wconf 82' lang='grc' dir='ltr'><em>τῶν</em></span> <span class='ocrx_word' id='word_1_114' title='bbox 1095 1559 1158 1599; x_wconf 87' lang='grc' dir='ltr'><strong>πε-</strong></span> 
     </span>
     <span class='ocr_line' id='line_1_14' title="bbox 117 1605 1157 1718; baseline 0.003 -43"><span class='ocrx_word' id='word_1_115' title='bbox 117 1605 338 1696; x_wconf 78' lang='grc' dir='ltr'><em>ριεστηκότων</em></span> <span class='ocrx_word' id='word_1_116' title='bbox 359 1617 492 1678; x_wconf 69' lang='grc' dir='ltr'><em>θεατῶν</em></span> <span class='ocrx_word' id='word_1_117' title='bbox 508 1612 679 1696; x_wconf 79' lang='grc' dir='ltr'><em>συνέλεγον</em></span> <span class='ocrx_word' id='word_1_118' title='bbox 696 1608 836 1718; x_wconf 51' lang='lat' dir='ltr'><strong>&amp;eoloris</strong></span> <span class='ocrx_word' id='word_1_119' title='bbox 851 1617 908 1682; x_wconf 78' lang='grc' dir='ltr'><strong>καὶ</strong></span> <span class='ocrx_word' id='word_1_120' title='bbox 925 1616 1074 1703; x_wconf 80' lang='grc' dir='ltr'><em>δραχμὰς</em></span> <span class='ocrx_word' id='word_1_121' title='bbox 1091 1613 1157 1680; x_wconf 65' lang='lat' dir='ltr'><strong>xii.</strong></span> 
     </span>
     <span class='ocr_line' id='line_1_15' title="bbox 117 1689 1242 1784; baseline 0.005 -28"><span class='ocrx_word' id='word_1_122' title='bbox 117 1706 147 1756; x_wconf 89' lang='lat' dir='ltr'><strong>et</strong></span> <span class='ocrx_word' id='word_1_123' title='bbox 167 1705 235 1754; x_wconf 78' lang='lat' dir='ltr'><strong>enta</strong></span> <span class='ocrx_word' id='word_1_124' title='bbox 256 1699 285 1768; x_wconf 82' lang='lat'><strong>§.</strong></span> <span class='ocrx_word' id='word_1_125' title='bbox 307 1704 358 1754; x_wconf 84' lang='lat'><strong>21.</strong></span> <span class='ocrx_word' id='word_1_126' title='bbox 395 1689 431 1757; x_wconf 88' lang='grc' dir='ltr'><em>Ἐ</em></span> <span class='ocrx_word' id='word_1_127' title='bbox 450 1691 476 1759; x_wconf 84' lang='grc' dir='ltr'><em>ιδ</em></span> <span class='ocrx_word' id='word_1_128' title='bbox 502 1693 539 1761; x_wconf 74' lang='grc' dir='ltr'><strong>δὲ</strong></span> <span class='ocrx_word' id='word_1_129' title='bbox 561 1693 700 1760; x_wconf 76' lang='grc' dir='ltr'><em>ἐπειδὰν</em></span> <span class='ocrx_word' id='word_1_130' title='bbox 721 1692 833 1776; x_wconf 84' lang='grc' dir='ltr'><em>ι’δοιμι</em></span> <span class='ocrx_word' id='word_1_131' title='bbox 848 1696 907 1784; x_wconf 80' lang='grc' dir='ltr'><em>την</em></span> <span class='ocrx_word' id='word_1_132' title='bbox 926 1704 1030 1784; x_wconf 70' lang='grc' dir='ltr'><em>γραῦν</em></span> <span class='ocrx_word' id='word_1_133' title='bbox 1050 1697 1158 1776; x_wconf 80' lang='grc' dir='ltr'><em>ἕξιοῦ-</em></span> <span class='ocrx_word' id='word_1_134' title='bbox 1231 1709 1242 1724; x_wconf 83' lang='lat'><strong><em>&#39;</em></strong></span> 
     </span>
     <span class='ocr_line' id='line_1_16' title="bbox 117 1719 1156 1862; baseline -0.002 -20"><span class='ocrx_word' id='word_1_135' title='bbox 117 1797 180 1842; x_wconf 88' lang='grc' dir='ltr'><em>σαν</em></span> <span class='ocrx_word' id='word_1_136' title='bbox 205 1779 270 1840; x_wconf 81' lang='grc' dir='ltr'><em>τῶν</em></span> <span class='ocrx_word' id='word_1_137' title='bbox 292 1772 397 1848; x_wconf 73' lang='grc' dir='ltr'><em>ἔνδον,</em></span> <span class='ocrx_word' id='word_1_138' title='bbox 426 1719 527 1862; x_wconf 70' lang='grc' dir='ltr'><em>ὰρτον</em></span> <span class='ocrx_word' id='word_1_139' title='bbox 547 1769 679 1862; x_wconf 76' lang='grc' dir='ltr'><em>ἤσθιον.</em></span> <span class='ocrx_word' id='word_1_140' title='bbox 723 1781 861 1856; x_wconf 83' lang='lat' dir='ltr'><strong>Deniqne</strong></span> <span class='ocrx_word' id='word_1_141' title='bbox 883 1804 923 1842; x_wconf 86' lang='lat' dir='ltr'><strong>ex</strong></span> <span class='ocrx_word' id='word_1_142' title='bbox 946 1783 1044 1842; x_wconf 79' lang='lat' dir='ltr'><strong>eadem</strong></span> <span class='ocrx_word' id='word_1_143' title='bbox 1068 1785 1156 1840; x_wconf 81' lang='lat' dir='ltr'><strong>rotin-</strong></span> 
     </span>
     <span class='ocr_line' id='line_1_17' title="bbox 116 1863 1156 1939; baseline 0.005 -22"><span class='ocrx_word' id='word_1_144' title='bbox 116 1863 279 1936; x_wconf 79' lang='lat' dir='ltr'><strong>cinctione,</strong></span> <span class='ocrx_word' id='word_1_145' title='bbox 303 1881 478 1936; x_wconf 79' lang='lat' dir='ltr'><strong>quamquam</strong></span> <span class='ocrx_word' id='word_1_146' title='bbox 503 1863 560 1921; x_wconf 83' lang='lat' dir='ltr'><strong>elio</strong></span> <span class='ocrx_word' id='word_1_147' title='bbox 581 1864 705 1937; x_wconf 82' lang='lat' dir='ltr'><strong>quodum</strong></span> <span class='ocrx_word' id='word_1_148' title='bbox 729 1864 832 1939; x_wconf 83' lang='lat' dir='ltr'><strong>modo,</strong></span> <span class='ocrx_word' id='word_1_149' title='bbox 854 1863 959 1924; x_wconf 86' lang='lat' dir='ltr'><strong>dicitnr</strong></span> <span class='ocrx_word' id='word_1_150' title='bbox 977 1867 1008 1924; x_wconf 88' lang='lat' dir='ltr'><strong>in</strong></span> <span class='ocrx_word' id='word_1_151' title='bbox 1031 1863 1156 1931; x_wconf 82' lang='lat' dir='ltr'><strong>Luciani</strong></span> 
     </span>
     <span class='ocr_line' id='line_1_18' title="bbox 115 1935 1157 2026; baseline 0.009 -27"><span class='ocrx_word' id='word_1_152' title='bbox 115 1947 250 2002; x_wconf 74' lang='lat' dir='ltr'><strong>Parasito</strong></span> <span class='ocrx_word' id='word_1_153' title='bbox 279 1949 307 2014; x_wconf 82' lang='lat'><strong>§.</strong></span> <span class='ocrx_word' id='word_1_154' title='bbox 337 1950 387 2002; x_wconf 83' lang='lat'><strong>26.</strong></span> <span class='ocrx_word' id='word_1_155' title='bbox 428 1935 580 2006; x_wconf 88' lang='grc' dir='ltr'><em>Ἐπειδὰν</em></span> <span class='ocrx_word' id='word_1_156' title='bbox 609 1945 686 2026; x_wconf 76' lang='grc' dir='ltr'><em>γοῦν</em></span> <span class='ocrx_word' id='word_1_157' title='bbox 715 1940 918 2009; x_wconf 72' lang='grc' dir='ltr'><em>καὶτούτων</em></span> <span class='ocrx_word' id='word_1_158' title='bbox 939 1937 1157 2022; x_wconf 73' lang='grc' dir='ltr'><em>ἀποδείξαιμι</em></span> 
     </span>
     <span class='ocr_line' id='line_1_19' title="bbox 114 2020 1154 2113; baseline 0 -28"><span class='ocrx_word' id='word_1_159' title='bbox 114 2020 175 2085; x_wconf 80' lang='grc' dir='ltr'><strong>τ“ν</strong></span> <span class='ocrx_word' id='word_1_160' title='bbox 200 2021 424 2108; x_wconf 66' lang='grc' dir='ltr'><em>παρασιτικὴν</em></span> <span class='ocrx_word' id='word_1_161' title='bbox 444 2023 531 2089; x_wconf 82' lang='grc' dir='ltr'><em>πολὺ</em></span> <span class='ocrx_word' id='word_1_162' title='bbox 554 2026 756 2108; x_wconf 84' lang='grc' dir='ltr'><em>κρατοῦσαν,</em></span> <span class='ocrx_word' id='word_1_163' title='bbox 783 2027 887 2113; x_wconf 78' lang='grc' dir='ltr'><em>σχολῇ</em></span> <span class='ocrx_word' id='word_1_164' title='bbox 914 2023 1068 2112; x_wconf 79' lang='grc' dir='ltr'><em>δηλονότι</em></span> <span class='ocrx_word' id='word_1_165' title='bbox 1088 2029 1154 2088; x_wconf 83' lang='grc' dir='ltr'><em>τῶν</em></span> 
     </span>
     <span class='ocr_line' id='line_1_20' title="bbox 117 2049 1157 2191; baseline 0 -24"><span class='ocrx_word' id='word_1_166' title='bbox 117 2049 227 2168; x_wconf 58' lang='lat' dir='ltr'><strong>&amp;licon</strong></span> <span class='ocrx_word' id='word_1_167' title='bbox 243 2108 361 2184; x_wconf 84' lang='grc' dir='ltr'><em>τεχνῶν</em></span> <span class='ocrx_word' id='word_1_168' title='bbox 378 2103 468 2182; x_wconf 80' lang='grc' dir='ltr'><em>δόξει</em></span> <span class='ocrx_word' id='word_1_169' title='bbox 484 2103 750 2189; x_wconf 81' lang='grc' dir='ltr'><em>προφερεστάτη,</em></span> <span class='ocrx_word' id='word_1_170' title='bbox 769 2104 961 2191; x_wconf 73' lang='grc' dir='ltr'><em>καθάπερὴ</em></span> <span class='ocrx_word' id='word_1_171' title='bbox 977 2104 1157 2171; x_wconf 82' lang='grc' dir='ltr'><em>Ναυσικάα</em></span> 
     </span>
     <span class='ocr_line' id='line_1_21' title="bbox 114 2183 1157 2270; baseline -0.001 -22"><span class='ocrx_word' id='word_1_172' title='bbox 114 2191 181 2250; x_wconf 80' lang='grc' dir='ltr'><em>τῶν</em></span> <span class='ocrx_word' id='word_1_173' title='bbox 199 2183 462 2270; x_wconf 72' lang='grc' dir='ltr'><em>θεραπαινίδιον.</em></span> <span class='ocrx_word' id='word_1_174' title='bbox 497 2189 599 2262; x_wconf 80' lang='lat' dir='ltr'><strong>Atque</strong></span> <span class='ocrx_word' id='word_1_175' title='bbox 617 2193 648 2247; x_wconf 91' lang='lat' dir='ltr'><strong>in</strong></span> <span class='ocrx_word' id='word_1_176' title='bbox 666 2191 712 2249; x_wconf 87' lang='lat' dir='ltr'><strong>his</strong></span> <span class='ocrx_word' id='word_1_177' title='bbox 730 2191 856 2264; x_wconf 82' lang='lat' dir='ltr'><strong>eliicqne</strong></span> <span class='ocrx_word' id='word_1_178' title='bbox 872 2193 1017 2250; x_wconf 73' lang='lat' dir='ltr'><strong>similibus</strong></span> <span class='ocrx_word' id='word_1_179' title='bbox 1030 2190 1157 2248; x_wconf 85' lang='lat' dir='ltr'><strong>Lucieui</strong></span> 
     </span>
     <span class='ocr_line' id='line_1_22' title="bbox 115 2269 1156 2347; baseline -0.002 -18"><span class='ocrx_word' id='word_1_180' title='bbox 115 2271 188 2330; x_wconf 86' lang='lat' dir='ltr'><strong>locis</strong></span> <span class='ocrx_word' id='word_1_181' title='bbox 209 2280 267 2328; x_wconf 89' lang='lat' dir='ltr'><strong>tam</strong></span> <span class='ocrx_word' id='word_1_182' title='bbox 288 2279 366 2327; x_wconf 83' lang='lat' dir='ltr'><strong>certa</strong></span> <span class='ocrx_word' id='word_1_183' title='bbox 387 2279 504 2344; x_wconf 82' lang='lat' dir='ltr'><strong>tamque</strong></span> <span class='ocrx_word' id='word_1_184' title='bbox 525 2271 609 2328; x_wconf 81' lang='lat' dir='ltr'><strong>firme</strong></span> <span class='ocrx_word' id='word_1_185' title='bbox 634 2282 678 2330; x_wconf 85' lang='lat' dir='ltr'><strong>ect</strong></span> <span class='ocrx_word' id='word_1_186' title='bbox 695 2275 824 2330; x_wconf 89' lang='lat' dir='ltr'><strong>omnium</strong></span> <span class='ocrx_word' id='word_1_187' title='bbox 846 2274 985 2331; x_wconf 89' lang='lat' dir='ltr'><strong>librorum</strong></span> <span class='ocrx_word' id='word_1_188' title='bbox 1005 2269 1156 2347; x_wconf 78' lang='lat' dir='ltr'><strong>scripturo,</strong></span> 
     </span>
     <span class='ocr_line' id='line_1_23' title="bbox 114 2351 1156 2430; baseline 0 -20"><span class='ocrx_word' id='word_1_189' title='bbox 114 2363 147 2410; x_wconf 91' lang='lat' dir='ltr'><strong>nt</strong></span> <span class='ocrx_word' id='word_1_190' title='bbox 169 2353 205 2410; x_wconf 80' lang='lat' dir='ltr'><strong>etl</strong></span> <span class='ocrx_word' id='word_1_191' title='bbox 230 2353 472 2426; x_wconf 82' lang='lat' dir='ltr'><strong>comprobandum</strong></span> <span class='ocrx_word' id='word_1_192' title='bbox 498 2351 574 2410; x_wconf 89' lang='lat' dir='ltr'><strong>hunc</strong></span> <span class='ocrx_word' id='word_1_193' title='bbox 597 2374 679 2411; x_wconf 87' lang='lat' dir='ltr'><strong>nsum</strong></span> <span class='ocrx_word' id='word_1_194' title='bbox 700 2358 830 2412; x_wconf 84' lang='lat' dir='ltr'><strong>minume</strong></span> <span class='ocrx_word' id='word_1_195' title='bbox 850 2358 888 2412; x_wconf 83' lang='lat' dir='ltr'><strong>sit</strong></span> <span class='ocrx_word' id='word_1_196' title='bbox 911 2354 948 2412; x_wconf 82' lang='lat' dir='ltr'><strong>cd</strong></span> <span class='ocrx_word' id='word_1_197' title='bbox 971 2352 1156 2430; x_wconf 77' lang='lat' dir='ltr'><strong>Byzantinos</strong></span> 
     </span>
     <span class='ocr_line' id='line_1_24' title="bbox 111 2433 1153 2513; baseline -0.004 -17"><span class='ocrx_word' id='word_1_198' title='bbox 111 2437 272 2510; x_wconf 72' lang='lat' dir='ltr'><strong>&#39;scriptores</strong></span> <span class='ocrx_word' id='word_1_199' title='bbox 296 2435 532 2507; x_wconf 80' lang='lat' dir='ltr'><strong>coniiigiendnm.</strong></span> <span class='ocrx_word' id='word_1_200' title='bbox 575 2433 617 2493; x_wconf 81' lang='lat' dir='ltr'><strong>Et</strong></span> <span class='ocrx_word' id='word_1_201' title='bbox 641 2437 677 2494; x_wconf 89' lang='lat' dir='ltr'><strong>de</strong></span> <span class='ocrx_word' id='word_1_202' title='bbox 703 2440 831 2509; x_wconf 84' lang='lat' dir='ltr'><strong>optativo</strong></span> <span class='ocrx_word' id='word_1_203' title='bbox 852 2448 973 2513; x_wconf 82' lang='lat' dir='ltr'><strong>propter</strong></span> <span class='ocrx_word' id='word_1_204' title='bbox 993 2439 1153 2495; x_wconf 84' lang='lat' dir='ltr'><strong>orationem</strong></span> 
     </span>
     <span class='ocr_line' id='line_1_25' title="bbox 113 2513 1159 2593; baseline -0.003 -16"><span class='ocrx_word' id='word_1_205' title='bbox 113 2519 263 2593; x_wconf 79' lang='lat' dir='ltr'><strong>obliquam</strong></span> <span class='ocrx_word' id='word_1_206' title='bbox 290 2525 357 2592; x_wconf 85' lang='lat' dir='ltr'><strong>post</strong></span> <span class='ocrx_word' id='word_1_207' title='bbox 383 2513 521 2580; x_wconf 76' lang='grc' dir='ltr'><em>ἐπειδὰν</em></span> <span class='ocrx_word' id='word_1_208' title='bbox 546 2517 628 2576; x_wconf 88' lang='lat' dir='ltr'><strong>illuto</strong></span> <span class='ocrx_word' id='word_1_209' title='bbox 655 2521 783 2577; x_wconf 77' lang='lat' dir='ltr'><strong>conferri</strong></span> <span class='ocrx_word' id='word_1_210' title='bbox 810 2522 894 2576; x_wconf 83' lang='lat' dir='ltr'><strong>etiem</strong></span> <span class='ocrx_word' id='word_1_211' title='bbox 923 2522 1031 2593; x_wconf 76' lang='lat' dir='ltr'><strong>poterit</strong></span> <span class='ocrx_word' id='word_1_212' title='bbox 1052 2530 1159 2576; x_wconf 83' lang='lat' dir='ltr'><strong>enrnrn·</strong></span> 
     </span>
     <span class='ocr_line' id='line_1_26' title="bbox 114 2598 1152 2675; baseline -0.005 -14"><span class='ocrx_word' id='word_1_213' title='bbox 114 2602 318 2674; x_wconf 81' lang='lat' dir='ltr'><strong>epistolarum,</strong></span> <span class='ocrx_word' id='word_1_214' title='bbox 348 2619 423 2674; x_wconf 78' lang='lat' dir='ltr'><strong>qnae</strong></span> <span class='ocrx_word' id='word_1_215' title='bbox 448 2598 592 2659; x_wconf 74' lang='lat' dir='ltr'><strong>Aeschini</strong></span> <span class='ocrx_word' id='word_1_216' title='bbox 619 2603 729 2660; x_wconf 75' lang='lat' dir='ltr'><strong>oratori</strong></span> <span class='ocrx_word' id='word_1_217' title='bbox 754 2603 872 2658; x_wconf 79' lang='lat' dir='ltr'><strong>attribui</strong></span> <span class='ocrx_word' id='word_1_218' title='bbox 893 2603 1003 2675; x_wconf 86' lang='lat' dir='ltr'><strong>solent,</strong></span> <span class='ocrx_word' id='word_1_219' title='bbox 1033 2601 1152 2658; x_wconf 80' lang='lat' dir='ltr'><strong>decnmtt</strong></span> 
     </span>
     <span class='ocr_line' id='line_1_27' title="bbox 114 2681 1152 2756; baseline -0.004 -14"><span class='ocrx_word' id='word_1_220' title='bbox 114 2688 143 2756; x_wconf 66' lang='grc' dir='ltr'><strong>ς.</strong></span> <span class='ocrx_word' id='word_1_221' title='bbox 166 2688 196 2743; x_wconf 81' lang='grc'><strong>8.</strong></span> <span class='ocrx_word' id='word_1_222' title='bbox 219 2683 266 2742; x_wconf 85' lang='lat' dir='ltr'><strong>cd.</strong></span> <span class='ocrx_word' id='word_1_223' title='bbox 288 2681 388 2741; x_wconf 71' lang='lat' dir='ltr'><strong>Beth.</strong></span> <span class='ocrx_word' id='word_1_224' title='bbox 409 2704 439 2756; x_wconf 86' lang='lat' dir='ltr'><strong>p.</strong></span> <span class='ocrx_word' id='word_1_225' title='bbox 462 2686 533 2741; x_wconf 79' lang='lat'><strong>684.-</strong></span> <span class='ocrx_word' id='word_1_226' title='bbox 557 2683 601 2741; x_wconf 82' lang='grc' dir='ltr'><em>εδ.</em></span> <span class='ocrx_word' id='word_1_227' title='bbox 623 2681 745 2756; x_wconf 78' lang='grc' dir='ltr'><em>Βείεἰι.,</em></span> <span class='ocrx_word' id='word_1_228' title='bbox 773 2685 822 2740; x_wconf 89' lang='lat' dir='ltr'><strong>nbi</strong></span> <span class='ocrx_word' id='word_1_229' title='bbox 845 2685 915 2742; x_wconf 83' lang='lat' dir='ltr'><strong>libri</strong></span> <span class='ocrx_word' id='word_1_230' title='bbox 933 2683 1009 2741; x_wconf 78' lang='lat' dir='ltr'><strong>hunc</strong></span> <span class='ocrx_word' id='word_1_231' title='bbox 1029 2686 1152 2756; x_wconf 85' lang='lat' dir='ltr'><strong>scriptu·</strong></span> 
     </span>
     <span class='ocr_line' id='line_1_28' title="bbox 113 2759 1238 2847; baseline -0.002 -22"><span class='ocrx_word' id='word_1_232' title='bbox 113 2787 177 2825; x_wconf 86' lang='lat' dir='ltr'><strong>rom</strong></span> <span class='ocrx_word' id='word_1_233' title='bbox 205 2764 361 2824; x_wconf 76' lang='lat' dir='ltr'><strong>exhibent:</strong></span> <span class='ocrx_word' id='word_1_234' title='bbox 389 2759 544 2828; x_wconf 78' lang='grc' dir='ltr'><em>Ἐπειδὰν</em></span> <span class='ocrx_word' id='word_1_235' title='bbox 576 2760 612 2827; x_wconf 77' lang='grc' dir='ltr'><strong>δὲ</strong></span> <span class='ocrx_word' id='word_1_236' title='bbox 644 2761 774 2840; x_wconf 80' lang='grc' dir='ltr'><em>πολλὰς</em></span> <span class='ocrx_word' id='word_1_237' title='bbox 802 2760 914 2842; x_wconf 76' lang='grc' dir='ltr'><em>λαβὰν</em></span> <span class='ocrx_word' id='word_1_238' title='bbox 936 2759 1068 2847; x_wconf 68' lang='grc' dir='ltr'><em>πλημὰς</em></span> <span class='ocrx_word' id='word_1_239' title='bbox 1097 2763 1153 2824; x_wconf 72' lang='grc' dir='ltr'><em>κατ’</em></span> <span class='ocrx_word' id='word_1_240' title='bbox 1234 2834 1238 2840; x_wconf 20' lang='grc' dir='ltr'>ι</span> 
     </span>
     <span class='ocr_line' id='line_1_29' title="bbox 114 2839 1238 2931; baseline -0.003 -21"><span class='ocrx_word' id='word_1_241' title='bbox 114 2839 345 2927; x_wconf 73' lang='grc' dir='ltr'><em>ἀπειπάμενος</em></span> <span class='ocrx_word' id='word_1_242' title='bbox 365 2841 457 2920; x_wconf 79' lang='grc' dir='ltr'><em>ἐξίοι,</em></span> <span class='ocrx_word' id='word_1_243' title='bbox 479 2842 537 2906; x_wconf 83' lang='grc' dir='ltr'><em>τὰν</em></span> <span class='ocrx_word' id='word_1_244' title='bbox 558 2843 710 2923; x_wconf 84' lang='grc' dir='ltr'><em>ποταμὸν</em></span> <span class='ocrx_word' id='word_1_245' title='bbox 731 2841 820 2930; x_wconf 74' lang='grc' dir='ltr'><em>αὐτῷ</em></span> <span class='ocrx_word' id='word_1_246' title='bbox 842 2848 1021 2931; x_wconf 67' lang='grc' dir='ltr'><em>νεμεσῆσαι</em></span> <span class='ocrx_word' id='word_1_247' title='bbox 1037 2843 1152 2926; x_wconf 79' lang='grc' dir='ltr'><em>λέγειν,</em></span> <span class='ocrx_word' id='word_1_248' title='bbox 1235 2910 1238 2914; x_wconf 71' lang='grc'><em>,</em></span> 
     </span>
     <span class='ocr_line' id='line_1_30' title="bbox 5 2919 913 3013; baseline -0.008 -20"><span class='ocrx_word' id='word_1_249' title='bbox 5 2938 9 2957; x_wconf 88' lang='grc'><strong>“</strong></span> <span class='ocrx_word' id='word_1_250' title='bbox 115 2925 171 2994; x_wconf 79' lang='grc' dir='ltr'><em>ὅτι</em></span> <span class='ocrx_word' id='word_1_251' title='bbox 192 2922 328 3013; x_wconf 85' lang='grc' dir='ltr'><em>νικήσας</em></span> <span class='ocrx_word' id='word_1_252' title='bbox 352 2921 392 2990; x_wconf 80' lang='grc' dir='ltr'><strong>οὔ</strong></span> <span class='ocrx_word' id='word_1_253' title='bbox 413 2925 544 3008; x_wconf 76' lang='grc' dir='ltr'><em>πατέρα</em></span> <span class='ocrx_word' id='word_1_254' title='bbox 565 2919 782 3009; x_wconf 86' lang='grc' dir='ltr'><em>ὰνη.γόριυσεν</em></span> <span class='ocrx_word' id='word_1_255' title='bbox 803 2921 913 2990; x_wconf 80' lang='grc' dir='ltr'><em>αὐτόν.</em></span> 
     </span>
    </p>

    <p class='ocr_par' dir='ltr' id='par_1_5' title="bbox 110 3005 1332 4326">
     <span class='ocr_line' id='line_1_31' title="bbox 199 3005 1318 3087; baseline -0.008 -18"><span class='ocrx_word' id='word_1_256' title='bbox 199 3010 336 3087; x_wconf 88' lang='lat' dir='ltr'><strong>Denique</strong></span> <span class='ocrx_word' id='word_1_257' title='bbox 357 3012 515 3069; x_wconf 80' lang='lat' dir='ltr'><strong>dubitatum</strong></span> <span class='ocrx_word' id='word_1_258' title='bbox 538 3020 582 3068; x_wconf 88' lang='lat' dir='ltr'><strong>est</strong></span> <span class='ocrx_word' id='word_1_259' title='bbox 599 3013 729 3082; x_wconf 86' lang='lat' dir='ltr'><strong>possitne</strong></span> <span class='ocrx_word' id='word_1_260' title='bbox 754 3005 891 3072; x_wconf 76' lang='grc' dir='ltr'><em>ἐπειδὰν</em></span> <span class='ocrx_word' id='word_1_261' title='bbox 912 3013 1084 3068; x_wconf 71' lang='lat' dir='ltr'><strong>etiamnum</strong></span> <span class='ocrx_word' id='word_1_262' title='bbox 1105 3010 1152 3066; x_wconf 88' lang='lat' dir='ltr'><strong>in·</strong></span> <span class='ocrx_word' id='word_1_263' title='bbox 1182 3005 1318 3062; x_wconf 71' lang='grc' dir='ltr'><em>Ἐπειδὰν</em></span> 
     </span>
     <span class='ocr_line' id='line_1_32' title="bbox 115 3079 1332 3167; baseline -0.003 -15"><span class='ocrx_word' id='word_1_264' title='bbox 115 3094 241 3154; x_wconf 72' lang='lat' dir='ltr'><strong>«licutino</strong></span> <span class='ocrx_word' id='word_1_265' title='bbox 269 3096 351 3154; x_wconf 82' lang='lat' dir='ltr'><strong>verbi</strong></span> <span class='ocrx_word' id='word_1_266' title='bbox 377 3094 462 3152; x_wconf 85' lang='lat' dir='ltr'><strong>modo</strong></span> <span class='ocrx_word' id='word_1_267' title='bbox 487 3093 638 3167; x_wconf 87' lang='lat' dir='ltr'><strong>componi,</strong></span> <span class='ocrx_word' id='word_1_268' title='bbox 669 3094 751 3150; x_wconf 87' lang='lat' dir='ltr'><strong>cuins</strong></span> <span class='ocrx_word' id='word_1_269' title='bbox 782 3093 826 3148; x_wconf 89' lang='lat' dir='ltr'><strong>rei</strong></span> <span class='ocrx_word' id='word_1_270' title='bbox 849 3089 978 3148; x_wconf 84' lang='lat' dir='ltr'><strong>difficilis</strong></span> <span class='ocrx_word' id='word_1_271' title='bbox 998 3092 1043 3149; x_wconf 81' lang='lat' dir='ltr'><strong>est</strong></span> <span class='ocrx_word' id='word_1_272' title='bbox 1063 3111 1151 3162; x_wconf 82' lang='lat' dir='ltr'><strong>quae·</strong></span> <span class='ocrx_word' id='word_1_273' title='bbox 1167 3079 1332 3160; x_wconf 66' lang='lat' dir='ltr'><strong>anne-nin-</strong></span> 
     </span>
     <span class='ocr_line' id='line_1_33' title="bbox 114 3148 1326 3262; baseline -0.007 -24"><span class='ocrx_word' id='word_1_274' title='bbox 114 3177 180 3238; x_wconf 68' lang='lat' dir='ltr'><strong>stioI</strong></span> <span class='ocrx_word' id='word_1_275' title='bbox 224 3176 300 3236; x_wconf 87' lang='lat' dir='ltr'><strong>Nam</strong></span> <span class='ocrx_word' id='word_1_276' title='bbox 329 3178 417 3236; x_wconf 86' lang='lat' dir='ltr'><strong>etiem</strong></span> <span class='ocrx_word' id='word_1_277' title='bbox 438 3179 465 3235; x_wconf 83' lang='lat' dir='ltr'><strong>si</strong></span> <span class='ocrx_word' id='word_1_278' title='bbox 486 3195 575 3248; x_wconf 83' lang='lat' dir='ltr'><strong>supra</strong></span> <span class='ocrx_word' id='word_1_279' title='bbox 597 3177 627 3232; x_wconf 91' lang='lat' dir='ltr'><strong>in</strong></span> <span class='ocrx_word' id='word_1_280' title='bbox 650 3169 707 3236; x_wconf 83' lang='grc' dir='ltr'><em>ε’άν</em></span> <span class='ocrx_word' id='word_1_281' title='bbox 727 3173 867 3247; x_wconf 84' lang='lat' dir='ltr'><strong>porticula</strong></span> <span class='ocrx_word' id='word_1_282' title='bbox 888 3174 1014 3230; x_wconf 79' lang='lat' dir='ltr'><strong>vidimus</strong></span> <span class='ocrx_word' id='word_1_283' title='bbox 1032 3175 1151 3246; x_wconf 81' lang='lat' dir='ltr'><strong>qnibns·</strong></span> <span class='ocrx_word' id='word_1_284' title='bbox 1168 3148 1326 3262; x_wconf 40' lang='lat' dir='ltr'><strong>afflat</strong></span> 
     </span>
     <span class='ocr_line' id='line_1_34' title="bbox 115 3252 1332 3331; baseline -0.007 -13"><span class='ocrx_word' id='word_1_285' title='bbox 115 3261 182 3319; x_wconf 75' lang='lat' dir='ltr'><strong>clam</strong></span> <span class='ocrx_word' id='word_1_286' title='bbox 209 3263 243 3319; x_wconf 89' lang='lat' dir='ltr'><strong>in</strong></span> <span class='ocrx_word' id='word_1_287' title='bbox 270 3261 341 3319; x_wconf 77' lang='lat' dir='ltr'><strong>locis</strong></span> <span class='ocrx_word' id='word_1_288' title='bbox 371 3259 466 3319; x_wconf 80' lang='lat' dir='ltr'><strong>rideri</strong></span> <span class='ocrx_word' id='word_1_289' title='bbox 493 3257 620 3316; x_wconf 80' lang='lat' dir='ltr'><strong>Graecos</strong></span> <span class='ocrx_word' id='word_1_290' title='bbox 647 3257 814 3331; x_wconf 76' lang='lat' dir='ltr'><strong>neglexisse</strong></span> <span class='ocrx_word' id='word_1_291' title='bbox 837 3256 949 3314; x_wconf 82' lang='lat' dir='ltr'><strong>fortuiti</strong></span> <span class='ocrx_word' id='word_1_292' title='bbox 972 3256 1046 3327; x_wconf 84' lang='lat' dir='ltr'><strong>rim,</strong></span> <span class='ocrx_word' id='word_1_293' title='bbox 1075 3273 1151 3327; x_wconf 81' lang='lat' dir='ltr'><strong>qnae</strong></span> <span class='ocrx_word' id='word_1_294' title='bbox 1326 3252 1332 3264; x_wconf 85' lang='lat'>&#39;</span> 
     </span>
     <span class='ocr_line' id='line_1_35' title="bbox 116 3335 1153 3418; baseline -0.011 -14"><span class='ocrx_word' id='word_1_295' title='bbox 116 3355 160 3404; x_wconf 84' lang='lat' dir='ltr'><strong>est</strong></span> <span class='ocrx_word' id='word_1_296' title='bbox 179 3345 209 3400; x_wconf 93' lang='lat' dir='ltr'><strong>in</strong></span> <span class='ocrx_word' id='word_1_297' title='bbox 233 3335 273 3404; x_wconf 80' lang='grc' dir='ltr'><em>ὰν</em></span> <span class='ocrx_word' id='word_1_298' title='bbox 293 3342 433 3418; x_wconf 81' lang='lat' dir='ltr'><strong>particula</strong></span> <span class='ocrx_word' id='word_1_299' title='bbox 453 3340 585 3398; x_wconf 77' lang='lat' dir='ltr'><strong>adiuncta</strong></span> <span class='ocrx_word' id='word_1_300' title='bbox 606 3338 641 3397; x_wconf 80' lang='lat' dir='ltr'><strong>ed</strong></span> <span class='ocrx_word' id='word_1_301' title='bbox 660 3337 833 3414; x_wconf 78' lang='lat' dir='ltr'><strong>porticulum</strong></span> <span class='ocrx_word' id='word_1_302' title='bbox 847 3338 1009 3410; x_wconf 77' lang='lat' dir='ltr'><strong>relativam,</strong></span> <span class='ocrx_word' id='word_1_303' title='bbox 1026 3347 1058 3394; x_wconf 89' lang='lat' dir='ltr'><strong>ut</strong></span> <span class='ocrx_word' id='word_1_304' title='bbox 1073 3336 1153 3394; x_wconf 81' lang='lat' dir='ltr'><strong>idem</strong></span> 
     </span>
     <span class='ocr_line' id='line_1_36' title="bbox 114 3419 1152 3498; baseline -0.012 -12"><span class='ocrx_word' id='word_1_305' title='bbox 114 3430 201 3486; x_wconf 84' lang='lat' dir='ltr'><strong>etiam</strong></span> <span class='ocrx_word' id='word_1_306' title='bbox 233 3429 265 3484; x_wconf 88' lang='lat' dir='ltr'><strong>iu</strong></span> <span class='ocrx_word' id='word_1_307' title='bbox 294 3420 431 3488; x_wconf 77' lang='grc' dir='ltr'><em>ἐπειδὰν</em></span> <span class='ocrx_word' id='word_1_308' title='bbox 458 3423 597 3498; x_wconf 83' lang='lat' dir='ltr'><strong>particula</strong></span> <span class='ocrx_word' id='word_1_309' title='bbox 620 3422 686 3480; x_wconf 85' lang='lat' dir='ltr'><strong>lieri</strong></span> <span class='ocrx_word' id='word_1_310' title='bbox 713 3423 844 3495; x_wconf 80' lang='lat' dir='ltr'><strong>potuisse</strong></span> <span class='ocrx_word' id='word_1_311' title='bbox 869 3419 1022 3492; x_wconf 76' lang='lat' dir='ltr'><strong>videntur,</strong></span> <span class='ocrx_word' id='word_1_312' title='bbox 1055 3427 1152 3476; x_wconf 84' lang='lat' dir='ltr'><strong>temen</strong></span> 
     </span>
     <span class='ocr_line' id='line_1_37' title="bbox 113 3499 1153 3586; baseline -0.006 -22"><span class='ocrx_word' id='word_1_313' title='bbox 113 3510 286 3586; x_wconf 85' lang='lat' dir='ltr'><strong>plerumque</strong></span> <span class='ocrx_word' id='word_1_314' title='bbox 306 3508 447 3565; x_wconf 85' lang='lat' dir='ltr'><strong>librorum</strong></span> <span class='ocrx_word' id='word_1_315' title='bbox 467 3509 610 3580; x_wconf 78' lang='lat' dir='ltr'><strong>scripture</strong></span> <span class='ocrx_word' id='word_1_316' title='bbox 627 3507 697 3562; x_wconf 86' lang='lat' dir='ltr'><strong>satis</strong></span> <span class='ocrx_word' id='word_1_317' title='bbox 718 3515 796 3561; x_wconf 80' lang='lat' dir='ltr'><strong>certe</strong></span> <span class='ocrx_word' id='word_1_318' title='bbox 817 3524 877 3561; x_wconf 89' lang='lat' dir='ltr'><strong>non</strong></span> <span class='ocrx_word' id='word_1_319' title='bbox 899 3514 943 3560; x_wconf 82' lang='lat' dir='ltr'><strong>est</strong></span> <span class='ocrx_word' id='word_1_320' title='bbox 962 3499 1038 3574; x_wconf 82' lang='grc' dir='ltr'><em>εροδ</em></span> <span class='ocrx_word' id='word_1_321' title='bbox 1058 3503 1153 3559; x_wconf 83' lang='lat' dir='ltr'><strong>bonos</strong></span> 
     </span>
     <span class='ocr_line' id='line_1_38' title="bbox 114 3584 1266 3670; baseline -0.01 -22"><span class='ocrx_word' id='word_1_322' title='bbox 114 3593 232 3670; x_wconf 82' lang='lat' dir='ltr'><strong>quidem</strong></span> <span class='ocrx_word' id='word_1_323' title='bbox 264 3593 440 3666; x_wconf 82' lang='lat' dir='ltr'><strong>scriptores,</strong></span> <span class='ocrx_word' id='word_1_324' title='bbox 478 3589 570 3647; x_wconf 82' lang='lat' dir='ltr'><strong>veluti</strong></span> <span class='ocrx_word' id='word_1_325' title='bbox 597 3593 629 3646; x_wconf 93' lang='lat' dir='ltr'><strong>in</strong></span> <span class='ocrx_word' id='word_1_326' title='bbox 660 3585 868 3660; x_wconf 78' lang='lat' dir='ltr'><strong>Xenophontis</strong></span> <span class='ocrx_word' id='word_1_327' title='bbox 897 3585 1057 3659; x_wconf 77' lang='lat' dir='ltr'><strong>Disciplina</strong></span> <span class='ocrx_word' id='word_1_328' title='bbox 1086 3584 1152 3655; x_wconf 69' lang='lat' dir='ltr'><strong>Cyri</strong></span> <span class='ocrx_word' id='word_1_329' title='bbox 1262 3597 1266 3604; x_wconf 85' lang='grc'><strong>’</strong></span> 
     </span>
     <span class='ocr_line' id='line_1_39' title="bbox 113 3663 1150 3747; baseline -0.013 -14"><span class='ocrx_word' id='word_1_330' title='bbox 113 3677 166 3733; x_wconf 89' lang='lat' dir='ltr'><strong>lib.</strong></span> <span class='ocrx_word' id='word_1_331' title='bbox 188 3673 213 3734; x_wconf 90' lang='lat' dir='ltr'><strong>l.</strong></span> <span class='ocrx_word' id='word_1_332' title='bbox 243 3694 304 3747; x_wconf 79' lang='lat' dir='ltr'><strong>cup.</strong></span> <span class='ocrx_word' id='word_1_333' title='bbox 328 3680 357 3731; x_wconf 80' lang='lat'><strong>3.</strong></span> <span class='ocrx_word' id='word_1_334' title='bbox 388 3675 489 3744; x_wconf 79' lang='lat' dir='ltr'><strong>§.,1·t.</strong></span> <span class='ocrx_word' id='word_1_335' title='bbox 517 3671 585 3728; x_wconf 87' lang='lat' dir='ltr'><strong>llbrl</strong></span> <span class='ocrx_word' id='word_1_336' title='bbox 615 3671 734 3744; x_wconf 84' lang='lat' dir='ltr'><strong>quidem</strong></span> <span class='ocrx_word' id='word_1_337' title='bbox 758 3667 909 3727; x_wconf 77' lang='lat' dir='ltr'><strong>Guelferh.</strong></span> <span class='ocrx_word' id='word_1_338' title='bbox 936 3665 1027 3724; x_wconf 85' lang='lat' dir='ltr'><strong>Paris.</strong></span> <span class='ocrx_word' id='word_1_339' title='bbox 1048 3664 1089 3723; x_wconf 85' lang='grc' dir='ltr'><strong>Α.</strong></span> <span class='ocrx_word' id='word_1_340' title='bbox 1111 3663 1150 3725; x_wconf 85' lang='grc' dir='ltr'><strong>Β.</strong></span> 
     </span>
     <span class='ocr_line' id='line_1_40' title="bbox 114 3742 1151 3829; baseline -0.004 -15"><span class='ocrx_word' id='word_1_341' title='bbox 114 3778 174 3814; x_wconf 89' lang='lat' dir='ltr'><strong>uno</strong></span> <span class='ocrx_word' id='word_1_342' title='bbox 196 3776 339 3814; x_wconf 85' lang='lat' dir='ltr'><strong>consensu</strong></span> <span class='ocrx_word' id='word_1_343' title='bbox 359 3758 495 3829; x_wconf 81' lang='lat' dir='ltr'><strong>scriptum</strong></span> <span class='ocrx_word' id='word_1_344' title='bbox 517 3751 674 3814; x_wconf 70' lang='lat' dir='ltr'><strong>exhibenti</strong></span> <span class='ocrx_word' id='word_1_345' title='bbox 692 3743 846 3813; x_wconf 83' lang='grc' dir='ltr'><em>Ἐπειδὰν</em></span> <span class='ocrx_word' id='word_1_346' title='bbox 870 3744 903 3813; x_wconf 74' lang='grc' dir='ltr'><strong>δ’</strong></span> <span class='ocrx_word' id='word_1_347' title='bbox 929 3742 1010 3829; x_wconf 68' lang='grc' dir='ltr'><em>ἔγνω</em></span> <span class='ocrx_word' id='word_1_348' title='bbox 1030 3743 1070 3808; x_wconf 82' lang='grc' dir='ltr'><strong>τὸ</strong></span> <span class='ocrx_word' id='word_1_349' title='bbox 1088 3743 1151 3824; x_wconf 68' lang='grc' dir='ltr'><em>μὲν</em></span> 
     </span>
     <span class='ocr_line' id='line_1_41' title="bbox 112 3822 1151 3914; baseline -0.013 -13"><span class='ocrx_word' id='word_1_350' title='bbox 112 3836 254 3914; x_wconf 83' lang='grc' dir='ltr'><em>νόμιμον</em></span> <span class='ocrx_word' id='word_1_351' title='bbox 276 3833 404 3900; x_wconf 81' lang='grc' dir='ltr'><em>δίκαιον</em></span> <span class='ocrx_word' id='word_1_352' title='bbox 425 3827 520 3911; x_wconf 76' lang='grc' dir='ltr'><em>εἶναι,</em></span> <span class='ocrx_word' id='word_1_353' title='bbox 541 3829 579 3897; x_wconf 86' lang='grc' dir='ltr'><strong>τὸ</strong></span> <span class='ocrx_word' id='word_1_354' title='bbox 602 3831 639 3897; x_wconf 74' lang='grc' dir='ltr'><strong>δὲ</strong></span> <span class='ocrx_word' id='word_1_355' title='bbox 661 3823 785 3909; x_wconf 82' lang='grc' dir='ltr'><em>άνομον</em></span> <span class='ocrx_word' id='word_1_356' title='bbox 804 3829 926 3912; x_wconf 78' lang='grc' dir='ltr'><em>βίαιον,</em></span> <span class='ocrx_word' id='word_1_357' title='bbox 947 3828 1006 3892; x_wconf 81' lang='grc' dir='ltr'><em>σὺν</em></span> <span class='ocrx_word' id='word_1_358' title='bbox 1027 3831 1073 3912; x_wconf 79' lang='grc' dir='ltr'><strong>τῷ</strong></span> <span class='ocrx_word' id='word_1_359' title='bbox 1095 3822 1151 3889; x_wconf 88' lang='grc' dir='ltr'><em>νό-</em></span> 
     </span>
     <span class='ocr_line' id='line_1_42' title="bbox 111 3906 1150 4003; baseline -0.008 -21"><span class='ocrx_word' id='word_1_360' title='bbox 111 3943 166 4003; x_wconf 83' lang='grc' dir='ltr'><em>μην</em></span> <span class='ocrx_word' id='word_1_361' title='bbox 191 3911 249 3982; x_wconf 84' lang='grc' dir='ltr'><em>οὖν</em></span> <span class='ocrx_word' id='word_1_362' title='bbox 269 3917 416 3982; x_wconf 78' lang='grc' dir='ltr'><em>ἐκέλευεν</em></span> <span class='ocrx_word' id='word_1_363' title='bbox 437 3911 491 3981; x_wconf 78' lang='lat' dir='ltr'><strong>ciel</strong></span> <span class='ocrx_word' id='word_1_364' title='bbox 509 3914 566 3980; x_wconf 71' lang='grc' dir='ltr'><em>τὸν</em></span> <span class='ocrx_word' id='word_1_365' title='bbox 585 3910 742 3996; x_wconf 84' lang='grc' dir='ltr'><em>δικαστὴν</em></span> <span class='ocrx_word' id='word_1_366' title='bbox 758 3909 818 3996; x_wconf 82' lang='grc' dir='ltr'><em>τὴν</em></span> <span class='ocrx_word' id='word_1_367' title='bbox 835 3915 953 3996; x_wconf 72' lang='grc' dir='ltr'><em>ψῆφον</em></span> <span class='ocrx_word' id='word_1_368' title='bbox 965 3906 1150 3974; x_wconf 66' lang='grc' dir='ltr'><em>τίθεσθαι..</em></span> 
     </span>
     <span class='ocr_line' id='line_1_43' title="bbox 113 3989 1150 4077; baseline -0.014 -14"><span class='ocrx_word' id='word_1_369' title='bbox 113 4016 211 4063; x_wconf 83' lang='lat' dir='ltr'><strong>tamen</strong></span> <span class='ocrx_word' id='word_1_370' title='bbox 233 4021 251 4061; x_wconf 87' lang='lat' dir='ltr'><strong>e</strong></span> <span class='ocrx_word' id='word_1_371' title='bbox 272 4002 351 4060; x_wconf 83' lang='lat' dir='ltr'><strong>sacili</strong></span> <span class='ocrx_word' id='word_1_372' title='bbox 371 4004 563 4064; x_wconf 82' lang='lat' dir='ltr'><strong>correctione:</strong></span> <span class='ocrx_word' id='word_1_373' title='bbox 582 3992 717 4077; x_wconf 80' lang='grc' dir='ltr'><em>Ἐπειδὴ</em></span> <span class='ocrx_word' id='word_1_374' title='bbox 733 3990 766 4058; x_wconf 82' lang='grc' dir='ltr'><strong>δ’</strong></span> <span class='ocrx_word' id='word_1_375' title='bbox 788 3992 870 4075; x_wconf 78' lang='grc' dir='ltr'><em>ἔγνω</em></span> <span class='ocrx_word' id='word_1_376' title='bbox 889 3989 954 4056; x_wconf 63' lang='lat' dir='ltr'><strong>uei.</strong></span> <span class='ocrx_word' id='word_1_377' title='bbox 974 4015 1050 4052; x_wconf 90' lang='lat' dir='ltr'><strong>nunc</strong></span> <span class='ocrx_word' id='word_1_378' title='bbox 1065 4013 1150 4066; x_wconf 82' lang='lat' dir='ltr'><strong>repo-</strong></span> 
     </span>
     <span class='ocr_line' id='line_1_44' title="bbox 110 4076 1151 4159; baseline -0.012 -13"><span class='ocrx_word' id='word_1_379' title='bbox 110 4089 202 4146; x_wconf 81' lang='lat' dir='ltr'><strong>sitnm</strong></span> <span class='ocrx_word' id='word_1_380' title='bbox 224 4095 275 4144; x_wconf 86' lang='lat' dir='ltr'><strong>est.</strong></span> <span class='ocrx_word' id='word_1_381' title='bbox 319 4082 416 4159; x_wconf 87' lang='lat' dir='ltr'><strong>Saepe</strong></span> <span class='ocrx_word' id='word_1_382' title='bbox 436 4086 514 4142; x_wconf 89' lang='lat' dir='ltr'><strong>euim</strong></span> <span class='ocrx_word' id='word_1_383' title='bbox 540 4091 657 4156; x_wconf 85' lang='lat' dir='ltr'><strong>propter</strong></span> <span class='ocrx_word' id='word_1_384' title='bbox 677 4080 895 4138; x_wconf 81' lang='lat' dir='ltr'><strong>similitudinem</strong></span> <span class='ocrx_word' id='word_1_385' title='bbox 917 4076 1151 4151; x_wconf 81' lang='lat' dir='ltr'><strong>compendiorum</strong></span> 
     </span>
     <span class='ocr_line' id='line_1_45' title="bbox 112 4155 1150 4248; baseline -0.015 -18"><span class='ocrx_word' id='word_1_386' title='bbox 112 4161 253 4230; x_wconf 77' lang='grc' dir='ltr'><em>ἐπειδὰν</em></span> <span class='ocrx_word' id='word_1_387' title='bbox 274 4176 303 4224; x_wconf 74' lang='lat' dir='ltr'><strong>et</strong></span> <span class='ocrx_word' id='word_1_388' title='bbox 325 4163 442 4248; x_wconf 68' lang='grc' dir='ltr'><em>ἐπειδὴ</em></span> <span class='ocrx_word' id='word_1_389' title='bbox 466 4165 621 4238; x_wconf 73' lang='lat' dir='ltr'><strong>particulis</strong></span> <span class='ocrx_word' id='word_1_390' title='bbox 642 4163 779 4221; x_wconf 74' lang='lat' dir='ltr'><strong>confusus</strong></span> <span class='ocrx_word' id='word_1_391' title='bbox 796 4181 859 4219; x_wconf 84' lang='lat' dir='ltr'><strong>esse</strong></span> <span class='ocrx_word' id='word_1_392' title='bbox 877 4161 1035 4218; x_wconf 87' lang='lat' dir='ltr'><strong>‹loonerunt</strong></span> <span class='ocrx_word' id='word_1_393' title='bbox 1052 4159 1102 4218; x_wconf 83' lang='lat' dir='ltr'><strong>Fr.</strong></span> <span class='ocrx_word' id='word_1_394' title='bbox 1115 4155 1150 4215; x_wconf 83' lang='lat' dir='ltr'><strong>G.</strong></span> 
     </span>
     <span class='ocr_line' id='line_1_46' title="bbox 110 4241 1153 4326; baseline -0.01 -16"><span class='ocrx_word' id='word_1_395' title='bbox 110 4251 234 4310; x_wconf 78' lang='lat' dir='ltr'><strong>Bestius</strong></span> <span class='ocrx_word' id='word_1_396' title='bbox 260 4249 296 4307; x_wconf 73' lang='lat' dir='ltr'><strong>acl</strong></span> <span class='ocrx_word' id='word_1_397' title='bbox 314 4248 440 4326; x_wconf 54' lang='grc' dir='ltr'><em>(ἕτερον.</em></span> <span class='ocrx_word' id='word_1_398' title='bbox 461 4245 593 4307; x_wconf 84' lang='lat' dir='ltr'><strong>Corinth.</strong></span> <span class='ocrx_word' id='word_1_399' title='bbox 614 4269 642 4322; x_wconf 90' lang='lat' dir='ltr'><strong>p.</strong></span> <span class='ocrx_word' id='word_1_400' title='bbox 662 4249 734 4304; x_wconf 85' lang='grc'><strong>808.</strong></span> <span class='ocrx_word' id='word_1_401' title='bbox 753 4243 799 4307; x_wconf 86' lang='lat' dir='ltr'><strong>ed.</strong></span> <span class='ocrx_word' id='word_1_402' title='bbox 818 4242 936 4303; x_wconf 82' lang='lat' dir='ltr'><strong>Sehect&#39;.</strong></span> <span class='ocrx_word' id='word_1_403' title='bbox 964 4241 1097 4301; x_wconf 88' lang='lat' dir='ltr'><strong>Zennins</strong></span> <span class='ocrx_word' id='word_1_404' title='bbox 1114 4241 1153 4300; x_wconf 75' lang='lat' dir='ltr'><strong>ad</strong></span> 
     </span>
    </p>
   </div>
   <div class='ocr_carea' id='block_1_3' title="bbox 0 0 1430 4842">
    <p class='ocr_par' dir='ltr' id='par_1_6' title="bbox 0 0 1430 4842">
     <span class='ocr_line' id='line_1_47' title="bbox 0 0 1430 4842; baseline 0 3"><span class='ocrx_word' id='word_1_405' title='bbox 0 0 1430 4842; x_wconf 95' lang='lat' dir='ltr'><strong> </strong></span> 
     </span>
    </p>
   </div>
  </div>
 </body>
</html>
