2850 4842
141 481 145 490 ,
264 408 331 477 sos
724 492 725 495 Ν
761 402 824 494 σή,

146 630 174 657 ·.
266 588 297 641 et
317 598 408 655 mox,
438 570 496 640 τὸν
517 572 611 639 δεῖνα
631 570 690 641 τὸν
709 573 770 637 τοῦ
792 570 901 651 deivos,
929 578 959 635 st
978 572 1080 650 paullo
1100 582 1169 652 pout
1191 565 1211 659 ἦ
1234 568 1312 641 duiv’

206 688 214 701 ·
267 657 381 742 iltotys
405 650 640 743 (συσκηνήτριᾶ
663 650 775 739 ἔστιν).
814 656 929 735 Quarto
951 656 1090 734 denique,
1111 681 1200 735 quum
1222 661 1317 737 quud·

266 747 339 806 libet
375 763 483 803 nomen
516 740 651 800 adhiberi
679 762 766 818 posse
792 742 966 801 indicamus.
1017 740 1106 803 Cuius
1137 743 1218 805 modi
1246 752 1317 805 sunt

267 828 405 901 exempla
430 848 448 885 a
472 823 674 884 Demosthene
703 826 803 901 petita.
856 822 907 883 Sic
936 825 1014 901 quod
1044 824 1152 887 Graeci
1177 820 1196 890 ὁ
1222 825 1316 891 δεῖνα

268 905 365 975 καὶὸ
392 908 483 972 δεῖνα
504 908 621 983 dicunt,
650 905 762 967 Latina
791 906 847 965 dici
875 908 968 969 solet:
1014 910 1101 969 Gaius
1130 919 1158 969 st
1179 913 1316 987 Sentpro-

268 1002 365 1056 uiuam
407 990 449 1053 lis
472 993 562 1068 locis,
591 1011 666 1066 quos
693 988 932 1050 aDemustheue
958 994 1066 1067 petitos
1096 994 1232 1067 adposuit
1251 992 1315 1051 De·

269 1081 388 1153 varicus,
419 1076 487 1135 addi
516 1073 548 1134 hi
576 1083 699 1151 possunt
720 1072 930 1133 Demosthenis
962 1095 1003 1135 cx
1027 1084 1101 1135 orat.
1131 1078 1245 1149 otpnuu
1273 1074 1315 1135 ll.

271 1164 300 1233 ς.
323 1168 374 1221 31.
399 1158 444 1218 ed.
464 1156 565 1220 Bskk.
597 1179 629 1233 p.
650 1163 702 1234 27,
727 1166 775 1221 11.
799 1156 846 1217 ed.
866 1156 974 1221 Reisk.
1004 1154 1060 1221 καὶ
1088 1156 1130 1221 τὰ
1158 1156 1315 1237 βέλτιστα

272 1232 319 1307 ὧν
340 1236 380 1307 ἂν
401 1235 564 1325 dandoque
583 1233 787 1324 αἱρεῖσθαι,Ι
805 1235 848 1318 pu*
874 1229 898 1300 li
921 1232 999 1303 tivi
1024 1239 1117 1304 delun
1137 1236 1158 1325 ἢ
1179 1233 1198 1304 ὁ
1222 1239 1315 1304 δεῖνα

271 1320 365 1411 εἴπῃ.
407 1324 514 1399 Neque
539 1326 621 1383 euim
647 1332 759 1384 tautum
787 1312 806 1383 ὃ
832 1262 925 1389 dalea
948 1319 1005 1387 nul
1026 1318 1045 1387 ὃ
1068 1322 1178 1395 δεῖνα,
1212 1346 1317 1385 rarum

556 1398 577 1425 Ἀ

272 1412 374 1469 etism:
399 1401 416 1471 ὃ
442 1406 534 1471 δεῖνα
599 1398 617 1469 ὅ
639 1404 741 1478 δεῖνα,
763 1404 897 1465 dicebaut
908 1394 1024 1467 Graeci.
1049 1404 1126 1465 Turn
1155 1409 1314 1478 oratMsd.

272 1498 303 1570 ἦ.
330 1498 398 1551 141.
422 1492 469 1550 ed.
491 1430 592 1550 Bell.
614 1511 644 1565 p.
669 1490 742 1553 560.
765 1488 811 1549 ed.
837 1487 942 1549 Reisk.
987 1486 1030 1553 Τι’
1062 1486 1102 1572 δὴ
1125 1485 1167 1553 τὰ
1188 1486 1246 1555 καὶ
1272 1487 1315 1555 τὰ

272 1567 498 1653 ueneritis&
521 1570 614 1687 deira
635 1563 697 1637 οὐκ
719 1565 886 1657 ἐλάμβανε
908 1566 1003 1661 disqu
1022 1562 1108 1660 παρ’
1131 1568 1230 1656 suut,-

656 1740 661 1748 ’
753 1754 787 1821 A
808 1724 868 1843 η’.

363 1908 412 1968 De
439 1909 534 1983 prima
564 1902 605 1992 δὴ
632 1906 793 1983 particulae
824 1906 1039 1983 significatione
1068 1916 1147 1969 recte
1170 1906 1317 1969 Denarius

278 1990 335 2055 hoc
354 1994 517 2069 praecepit,
543 1992 639 2051 videri
662 2010 728 2051 eam
755 1991 834 2051 idem
862 1991 940 2066 fere,
958 1989 1044 2065 'quod
1072 1980 1149 2075 ἤδη,
1177 1991 1339 2052 denotare·

128 2119 132 2127 ‚
252 2078 515 2151 „respondereque
537 2074 646 2134 Latino
663 2076 741 2134 iam.
791 2072 876 2154 Quas
896 2074 1068 2150 significatio
1083 2075 1241 2136 obtinenda
1261 2084 1316 2136 eut.

276 2160 355 2229 Nam
379 2160 466 2218 facile
489 2157 560 2217 hinc
585 2161 680 2218 omnis
702 2158 860 2233 particulae
887 2179 955 2217 usus
977 2158 1120 2232 explicari
1139 2162 1260 2234 poterit,
1289 2162 1316 2218 sl

278 2254 428 2305 teneamus
458 2235 518 2324 δή,
544 2233 600 2303 etsi
626 2242 776 2318 aliquanto
795 2241 907 2316 lenius,
934 2262 1020 2317 quam
1043 2232 1122 2327 ἤδη,
1145 2251 1240 2302 tamen
1262 2241 1318 2302 hoo

279 2348 396 2403 semper
420 2327 601 2402 siguificare,
628 2324 664 2385 ds
685 2346 736 2399 eo,
766 2326 843 2401 quod
863 2320 1014 2383 inducatur
1037 2345 1092 2401 per
1113 2346 1175 2385 eam
1193 2328 1318 2400 particu-

277 2412 351 2485 lam,
381 2413 440 2469 iam
466 2411 551 2486 quasi
579 2410 615 2468 de
642 2428 673 2467 re
696 2410 729 2466 in
747 2407 823 2466 facto
851 2428 884 2467 ao
906 2411 1028 2468 ueritate
1054 2411 1147 2483 posits
1174 2421 1316 2490 constare.

276 2494 310 2553 ld
337 2504 439 2552 tenens
465 2504 542 2551 recte
567 2494 716 2567 praecepit
736 2489 923 2569 *Hartungius
950 2492 971 2552 l.
994 2492 1016 2549 l.
1041 2492 1099 2550 vol.
1132 2490 1157 2553 l.
1179 2514 1210 2566 p.
1232 2496 1318 2568 247„

192 2643 198 2653 Ι
276 2576 370 2637 vlderi
392 2579 469 2632 inter
487 2566 550 2659 ἤδη
572 2585 600 2633 et
614 2571 655 2659 dr}
676 2574 829 2634 discrimen
851 2574 907 2633 hoc
925 2592 1004 2635 esset
1026 2577 1052 2633 si
1073 2586 1233 2650 poneretur
1254 2566 1317 2659 ἤδη

276 2653 353 2721 τότε
368 2659 417 2716 vel
439 2646 502 2740 ἤδη
524 2658 580 2719 νῦν
601 2660 760 2718 autetiam
783 2654 854 2721 τότ’
877 2648 941 2741 ἤδη
963 2657 1009 2717 vel
1031 2658 1086 2720 νῦν
1108 2648 1188 2743 ἤδη,
1209 2666 1318 2719 utrum·

278 2742 337 2818 q'ua
374 2760 474 2798 rocem
508 2759 562 2813 per
589 2761 621 2799 se
658 2750 790 2799 constare
824 2761 857 2800 au
888 2742 973 2815 quasi
1012 2740 1105 2799 libera
1135 2744 1318 2817 appositione

276 2824 349 2883 haec
367 2825 468 2881 omnia
485 2824 561 2882 inter
581 2844 614 2884 se
634 2826 786 2901 coniungi:
807 2827 852 2884 uin
874 2824 1016 2883 diceretur
1036 2818 1112 2887 τότε
1134 2822 1174 2909 δὴ
1198 2826 1247 2885 vel
1264 2824 1319 2890 νῦν

278 2902 336 2989 δή,
364 2903 404 2990 δὴ
430 2906 598 2981 particulam
621 2916 762 2969 nontam
786 2918 1060 2984 permensum,
1087 2906 1139 2967 sed
1160 2912 1198 2967 lta
1222 2910 1319 2969 subie-

278 2999 352 3049 ctam
376 3010 441 3049 esse
467 2992 652 3064 praecedenti
676 2996 760 3066 roci,
791 3000 823 3049 ut
844 3012 878 3050 ea
907 2991 1047 3066 particula
1074 2993 1131 3050 nisi
1162 3012 1217 3066 per
1243 2989 1319 3049 hano

276 3091 377 3135 rocem
404 3074 513 3135 nnllam
541 3076 735 3149 adverbum,
759 3073 837 3151 qnod
858 3076 889 3133 iu
910 3096 1026 3150 qusque
1047 3076 1244 3135 enuntiatione
1264 3072 1319 3131 ha-

277 3158 410 3229 beretur,
436 3161 495 3217 rim
522 3157 650 3218 haberet.
692 3156 759 3217 Hoc
782 3159 872 3231 igitur
894 3150 983 3217 modu
1002 3178 1087 3231 quom
1109 3152 1148 3243 ou)
1173 3156 1211 3216 ad
1231 3174 1319 3231 prae-

278 3242 425 3301 cedentem
447 3262 548 3300 vocem
575 3238 771 3318 applicaretur
797 3244 950 3317 aptiusque
972 3262 1037 3299 cum
1062 3259 1096 3299 aa
1123 3239 1318 3317 copularetur,

276 3326 384 3386 lactum
407 3334 462 3400 est,
483 3334 516 3383 nt
536 3325 733 3402 in'priucipio
757 3325 875 3398 quidem
896 3325 1038 3384 orationis
1060 3342 1092 3381 ea
1112 3324 1255 3399 particula
1276 3324 1318 3383 lo·

278 3430 343 3466 cum
376 3430 437 3465 nou
470 3407 606 3485 haberet,
647 3411 675 3468 si
707 3408 876 3468 discesseris
913 3409 950 3467 ah
985 3409 1113 3482 antiquis
1146 3406 1319 3487 quibusdam

277 3491 391 3550 dicendi
414 3492 561 3568 formulis,
591 3493 694 3567 quales
716 3501 797 3551 sunta
827 3485 868 3573 dr}
894 3486 987 3570 τότε,
1019 3485 1058 3575 δὴ
1086 3482 1164 3570 γάρ,
1197 3512 1319 3567 quornm

277 3573 467 3635 formularum
494 3576 585 3636 altera
614 3596 678 3634 cum
701 3577 738 3635 ab
763 3573 895 3635 Homero
920 3575 1075 3654 aliquoties
1108 3577 1199 3648 posits
1232 3582 1338 3645 esset,'

276 3658 348 3718 hinc
378 3662 464 3718 etiam
495 3659 533 3718 sd
557 3657 744 3735 Aeschylum
774 3661 807 3718 in
831 3660 942 3735 Septem
968 3656 1174 3717 adm-lllsehus
1197 3678 1224 3716 u.
1259 3663 1317 3717 196

277 3754 307 3802 et
330 3742 366 3801 ad
393 3740 550 3800 Pindarum
580 3744 690 3819 olymp.
717 3743 764 3801 od.
790 3739 847 3803 Ill.
874 3762 903 3801 v.
928 3745 981 3799 26.
1006 3739 1126 3800 videtur·
1140 3742 1317 3815 pervenisse.

277 3823 340 3886 Sed
360 3825 494 3883 suclitica
517 3836 613 3883 tamen
632 3826 774 3899 particula
793 3826 869 3883 factu
888 3842 1049 3897 numquam
1067 3832 1121 3898 eut,
1143 3844 1320 3899 quamquam

274 3913 335 3970 iam
361 3910 482 3983 antiqno
509 3919 638 3983 tempore
665 3908 701 3969 de
733 3908 836 3969 enelisi
861 3914 975 3968 ueteres
1003 3908 1122 3983 quidam
1142 3910 1322 3983 grammatici

276 3994 450 4068 cogitavisse
478 3992 630 4066 videntur,
658 4014 716 4067 qua
742 3994 778 4051 de
802 4013 834 4051 re
861 3991 1005 4051 videndus
1028 4000 1073 4049 ast
1095 3988 1267 4050 Euststhius
1288 4012 1320 4066 p.

278 4083 356 4151 173,
392 4080 440 4134 16.
465 4098 494 4151 p.
520 4081 594 4151 174,
626 4078 656 4133 5.
706 4074 775 4136 Nisi
799 4076 875 4135 forte
901 4072 959 4133 huc
990 4094 1095 4134 vocare
1125 4075 1200 4133 illud
1227 4076 1321 4148 uoles,
1380 4100 1384 4103 ·

277 4160 372 4218 uideri
399 4154 459 4222 ὅδε
487 4180 524 4220 ex
555 4152 574 4220 ὁ
602 4156 641 4243 δὴ
664 4160 704 4217 ita
725 4168 823 4217 natum
845 4178 926 4235 esse,
952 4165 983 4216 nt
1003 4178 1042 4217 ex
1064 4152 1084 4220 ὅ
1106 4154 1164 4241 δη,
1191 4169 1321 4232 correpta

277 4236 319 4328 dr}
341 4244 496 4319 particula,
522 4238 544 4307 δ
565 4241 618 4319 ds,
638 4242 707 4304 inde
728 4238 787 4313 ὅδε
807 4245 944 4305 oriretur.
987 4238 1064 4305 Num
1085 4240 1158 4303 illud
1177 4238 1214 4311 δὲ
1235 4242 1323 4306 eucli-
