2850 4842
564 426 650 531 dr.
957 432 963 447 “
1055 440 1156 507 153·

65 616 94 672 in
116 611 172 670 illo
194 608 279 682 loeo,
309 626 399 681 quem
415 603 521 665 adtulit
537 601 687 665 Dererins
706 624 746 663 ex
769 603 904 666 Isocratis
924 612 1056 671 oratioue
1079 614 1118 673 ud
1146 626 1148 633 ’

65 697 230 771 Pbilippum
253 696 283 763 ς.
307 690 406 749 9.·οδ.
425 687 525 748 Bell.
548 711 577 764 p.
599 693 650 748 84.
673 689 720 748 ed.
740 688 780 747 Η.
798 686 903 766 Steph.
928 690 1058 769 διεξιών
1080 692 1117 759 δὲ

66 774 145 861 περὶ
171 769 302 875 τρίτων
322 769 412 854 τερδς
432 767 575 851 ἐμαυτὸν
598 765 929 871 εὕρισκον-οὐδαμῶς
950 771 989 839 ἂν
1009 771 1118 853 ἄλλως

66 853 168 943 αὐτὴν
189 852 332 941 ησυχίαν
353 855 508 937 ἄγουσαν,
528 848 616 936 πλὴν
637 849 799 955 εικδόξειε
817 860 892 931 ταῖς
906 853 1029 924 πόλεσι
1044 862 1119 937 ταῖς

91 946 242 1024 εγίσταις
269 934 526 1019 διαλυσαμέναις
552 935 595 1001 τὰ
618 959 708 1023 προς
723 939 824 1023 ,σφᾶς
852 932 955 1016 αδτδις
984 936 1033 1018 εἷς
1060 942 1119 1029 τὴν

63 1022 181 1090 Ασίαν
213 1019 273 1086 τδν
304 1017 454 1100 πόλεμον
482 1017 659 1103 ἐξενεγκεῖν
689 1015 773 1095 eri„
806 1026 848 1082 sic
876 1025 1017 1085 solvenda
1046 1027 1119 1088 boec

67 1113 157 1170 rerba
186 1116 275 1168 sunt:
317 1102 472 1189 εὕρισκον
500 1101 554 1168 ὅτι
578 1098 739 1184 οὐδαμῶς
767 1102 807 1168 ἂν
833 1096 942 1183 ἷίλλως
968 1102 989 1193 ἢ
1017 1104 1119 1187 πόλις

68 1186 209 1277 ἡσυχίαν
238 1182 329 1271 δίγοι,
360 1184 448 1272 πλὴν
472 1180 503 1250 εί
526 1180 636 1263 δόξειε
657 1182 722 1251 uui.
765 1188 869 1264 ltaque
890 1194 978 1251 etiam
1000 1205 1119 1269 apparet

69 1299 129 1419 ρρο
159 1274 346 1335 scribendum
375 1292 442 1333 esse
472 1262 617 1348 δίξουσαν
641 1293 696 1347 pro
723 1262 886 1354 ίίγουσαν,
919 1275 998 1349 quoa
1027 1280 1119 1339 voluit

103 1379 236 1421 eramus.

157 1440 219 1502 Sed
243 1462 332 1516 quom
356 1440 393 1499 de
421 1441 559 1499 universe
580 1442 793 1501 constructione
815 1433 854 1501 ἂν
874 1442 1033 1517 particulae
1055 1466 1120 1502 cnm
1206 1502 1210 1509 ,

71 1528 233 1603 participiis
256 1533 334 1585 reete
354 1527 421 1600 ipse
442 1524 637 1598 explicaverit
658 1526 781 1598 scriptor
803 1532 920 1602 noster,
948 1526 1025 1585 nihil
1049 1528 1119 1587 reli-

72 1634 163 1687 quum
184 1618 230 1670 est
250 1613 309 1669 nisi
329 1617 362 1667 ut
382 1609 476 1668 dicum
498 1608 535 1667 de
557 1609 713 1682 participio
729 1608 821 1667 futuri
836 1630 899 1667 cum
919 1603 959 1671 ἂν
977 1612 1120 1685 particule

72 1704 249 1755 constructo.
290 1691 375 1752 Ilaec
403 1693 523 1767 quidem
547 1711 595 1751 res
621 1692 737 1751 ridetur
763 1692 823 1750 iam
844 1696 964 1768 antiquo
987 1702 1118 1771 tempore

73 1789 261 1839 controversa
279 1778 381 1852 luisse,
403 1798 492 1851 quom
512 1775 563 1834 alii
583 1776 762 1851 grammatici
777 1785 936 1849 tuerentur
956 1776 1030 1837 banc
1051 1800 1118 1838 con·

74 1867 284 1938 structionem,
324 1862 375 1920 alii
415 1861 615 1935 reprobarent.
670 1857 881 1919 Grammaticus
917 1865 949 1921 in
981 1860 1119 1923 Bekkeri

74 1949 226 2007 Arecdotis
253 1969 284 2021 p.
311 1951 381 2005 128.
411 1943 484 2004 hoec
512 1944 549 2002 de
571 1964 606 2002 ea
631 1963 661 2002 re
681 1942 787 2003 habet:
820 1940 921 2007 Μετὰ
940 1943 1119 2023 μέλλοντος

70 2022 262 2115 Ἰσοκράτης
288 2026 321 2093 ἐν
347 2028 395 2111 τῷ
418 2023 498 2110 περὶ
524 2018 737 2101 ἀντιδόσεως·
767 2018 825 2105 οὐχ
853 2021 898 2102 ὡς
924 2021 984 2108 οὐχ
1010 2022 1118 2113 ἡδέως

76 2111 113 2177 ἄν
133 2108 231 2177 τινών
250 2134 317 2192 μου
339 2106 660 2191 καταψευσαμένου,
691 2120 724 2169 ut
745 2112 931 2187 is'quidem,
953 2115 994 2170 nti
1016 2115 1053 2173 de
1072 2117 1119 2172 in·

75 2198 209 2275 finitiro,
241 2200 281 2257 sie
308 2198 399 2255 etiam
427 2196 464 2255 de
478 2196 646 2270 -pestioipio
673 2195 765 2253 futuri
795 2194 1002 2254 adfirmaverit.
1050 2195 1119 2255 Alii

76 2291 175 2341 antem
206 2283 383 2356 grammatici
417 2300 468 2353 eu,
500 2276 580 2353 quod
612 2280 645 2334 in
674 2288 804 2337 veterum
833 2280 1008 2351 scriptorum
1036 2279 1119 2339 libris

76 2367 192 2441 quoties
221 2364 377 2425 haberetur
409 2362 481 2422 haec
508 2364 698 2443 constructio,
738 2362 943 2421 removendam
969 2364 1120 2439 putabant,

75 2470 252 2525 magnopere
274 2450 413 2508 ridentur
437 2448 626 2521 improbasse.
668 2443 713 2505 lta
735 2446 799 2509 fere
823 2466 938 2521 semper
957 2450 990 2506 iu
1012 2446 1067 2522 hac
1088 2468 1121 2507 re

75 2534 217 2592 fluctuant
250 2534 321 2592 libri
355 2534 474 2606 scripti,
514 2530 606 2590 veluti
645 2531 724 2604 apud
754 2527 956 2606 Thucydidem
993 2531 1043 2591 lib.
1076 2529 1119 2591 V.

77 2639 142 2693 cap.
159 2622 221 2694 15,
241 2617 292 2676 nbi
308 2617 397 2692 volgo
415 2617 582 2690 legebatur:
603 2610 802 2698 Σφαλέντων
819 2612 856 2679 δὲ
873 2607 980 2678 αὐτῶν
999 2611 1056 2679 ἐπί
1073 2615 1121 2701 τῷ

77 2697 424 2784 Δηλίῳκπαραχρῆμα
445 2693 477 2763 oi
491 2690 760 2776 Λακεδαιμόνιοι
781 2692 910 2779 γνόντες
929 2700 984 2761 νῦν
994 2698 1123 2803 μᾶλλον

77 2782 119 2845 ἂν
148 2782 376 2860 ἐκδεξαμένους
397 2783 573 2846 ποιοῦνται
594 2776 652 2863 τὴν
673 2778 839 2845 ἐνιαύσιον
860 2778 1058 2868 έκεχειριαν,
1088 2779 1125 2847 ἐν’

75 2854 102 2953 ᾗ
136 2859 209 2929 ἔδει
237 2859 399 2941 ξυνιόντας
428 2863 483 2928 καὶ
509 2860 590 2950 περὶ
616 2865 677 2926 τοῦ
709 2860 865 2940 πλείονος
894 2861 1014 2950 χρόνου
1044 2870 1124 2948 βου-

76 2943 271 3023 λεόεσδαι.,
295 2950 344 3008 alii
362 2952 431 3010 libri
454 2953 590 3008 omittunt
610 2941 649 3008 ἂν
667 2950 855 3023 particulam,
877 2948 1005 3009 Thomas
1026 2961 1124 3011 autem

77 3035 244 3112 Magister,
278 3056 302 3093 s.
328 3054 358 3096 r.
386 3030 552 3113 ἐνδέχεται
559 3074 567 3103 ,
600 3033 741 3104 scriptum
768 3030 855 3089 hebet
882 3029 1124 3112 ε’νδεξαμένσυς,

79 3142 139 3197 quo
162 3118 270 3177 ducunt
291 3118 425 3178 nonnulli
446 3120 534 3177 etiam
552 3113 735 3190 Thucydidis
754 3114 833 3190 libri,
855 3117 904 3187 qui
927 3113 1125 3194 δεξαμένους

79 3204 239 3278 praebent,
271 3212 304 3263 ut
331 3202 389 3261 hoc
416 3203 480 3261 loco
508 3198 584 3258 nihil
609 3198 789 3273 proficiatur.
838 3196 889 3257 Sic
911 3220 942 3257 se
966 3218 1012 3257 res
1035 3202 1125 3257 etiam
1231 3220 1235 3231 ·

80 3288 169 3347 hebet
198 3288 277 3361 apud
306 3286 432 3346 eundem
454 3288 623 3359 scriptorem
645 3284 697 3342 lib.
718 3278 778 3340 Vl.
800 3300 861 3357 rap.
884 3288 954 3355 20.,
982 3283 1033 3341 ubi
1054 3280 1144 3340 haec'
1183 3330 1187 3340 ,
1226 3330 1228 3335 .

80 3372 253 3447 legebantur
283 3372 388 3474 uolgo:
426 3366 484 3433 ἐντί
517 3363 580 3471 γὰρ
614 3361 734 3441 πόλεις
770 3398 808 3413 -ν
845 3360 1008 3443 μέλλομεν
1040 3358 1127 3429 ἰέναι
1243 3428 1246 3439 ,

80 3450 230 3535 μεγάλας
250 3452 307 3518 καί
322 3447 398 3519 οὐδ’
415 3445 587 3535 ὑπηκοους
603 3444 754 3533 ἀλλήλων
767 3438 843 3512 oiioa
856 3444 1014 3549 δεομένας
1025 3470 1126 3527 μετα-

81 3537 246 3620 βολῆς-
270 3529 343 3602 αδδ
368 3531 408 3600 ἂν
430 3532 488 3621 τὴν
510 3530 611 3621 ἀρχὴν
632 3530 690 3618 τὴν
710 3524 874 3617 ἡμετέραν
896 3526 1033 3607 εικότως
1054 3524 1125 3595 ἄντ’
1152 3594 1159 3605 ,

83 3617 281 3707 ἐλευθερίας
301 3618 571 3709 προσδεξομένας
592 3611 667 3685 κείν,
690 3616 741 3675 sed
762 3626 859 3675 tamen
872 3612 956 3673 Imm.
971 3614 1127 3675 Bclkerus

83 3726 123 3765 ex
146 3706 224 3765 aliis
260 3706 346 3767 libris
380 3708 496 3780 scripsit
522 3694 805 3786 προσδεξαμένας.
855 3696 906 3759 Sic
933 3699 1020 3759 etium
1049 3699 1129 3773 apud

81 3788 314 3849 Demosthenem
343 3792 455 3867 factum
485 3797 538 3849 est.
587 3784 665 3845 Nam
692 3806 781 3860 quom
800 3787 846 3843 ‚in
872 3786 1004 3843 oratione
1030 3792 1129 3841 contro

83 3875 248 3952 Philippum
269 3881 354 3935 tertia
374 3879 404 3946 ς.
425 3880 479 3935 70.
501 3871 548 3932 ed.
569 3867 668 3930 Bekk.
688 3892 719 3945 p.
738 3875 809 3945 128,
829 3873 881 3928 29.
903 3867 948 3927 cd.
968 3864 1074 3927 Reislu.
1095 3864 1130 3924 in
1165 3916 1167 3921 .
1190 3908 1194 3921 .

81 3958 170 4017 libris
193 3960 328 4017 omnibns
350 3960 490 4033 scriptum
509 3959 565 4016 sit:
592 3946 701 4018 πάλαι
717 3974 768 4028 τις
780 3946 886 4039 ἡδέως
898 3944 938 4014 δν
951 3945 1033 4025 ἴσως
1046 3946 1130 4031 dput-

81 4034 194 4124 τήσων
222 4035 394 4125 soliturus,
423 4050 521 4101 temen
545 4034 614 4099 aliis
634 4039 705 4097 locis
725 4037 790 4095 fere
814 4039 851 4095 ab
870 4036 1012 4095 librorum
1033 4042 1130 4091 aucto·

81 4127 170 4184 ritate
196 4122 361 4185 destituitur
387 4126 459 4186 haee
485 4124 677 4195 constructio,
705 4120 798 4180 veluti
826 4124 869 4177 Dc
889 4120 1015 4177 libertate
1035 4118 1131 4179 Rbcd.

81 4214 114 4282 §.
139 4213 188 4267 19.
211 4208 259 4268 ed.
279 4205 573 4287 Bekk.1i.loo,7.
595 4207 642 4267 ed.
663 4202 766 4265 Reisls.
790 4222 877 4277 quom
899 4200 970 4261 olim
992 4202 1130 4275 scriptum
1216 4266 1220 4277 Ι

80 4303 177 4354 esset:
196 4282 308 4358 ’Ἰσασι
325 4289 387 4379 γὰρ
405 4286 541 4367 οὐδένας
559 4280 680 4364 ίίλλονς
696 4278 803 4353 πάλιν
815 4278 864 4362 είς
881 4278 1077 4369 ἐλευθερίαν
1089 4279 1132 4349 τὰ
