2850 4842
178 843 258 917 ιιιι

136 902 231 971 Ἠνιοο
248 886 293 985 δὴ.

158 1096 217 1148 Kal
230 1092 265 1165 δῆ

811 486 875 575 δή,
1228 510 1235 517 .
1273 482 1294 513 .

317 661 419 736 potins
448 678 553 735 qnam
572 651 606 723 τί
627 651 685 723 ctat
705 650 765 743 δούς
797 654 944 733 Optumus
965 658 1046 719 eninr
1072 656 1246 737 plerumque
1270 657 1371 721 libros

317 742 403 803 lmm.
424 740 581 805 Bekkerus
603 744 636 802 in
655 740 703 802 lois
725 744 797 801 locis
820 750 936 803 secutus
956 750 1001 801 est
1021 751 1164 804 auctores.

401 824 452 887 Ile
474 827 632 887 coniunctil
652 827 803 905 particulis
824 812 845 911 ἦ
866 820 907 908 δὴ
929 832 959 885 et
981 814 1003 909 ἦ
1025 846 1094 889 που
1116 820 1176 910 δή,
1206 846 1284 901 quse
1305 826 1367 885 dis-

319 910 428 971 licilem
456 911 683 985 explicationem
704 929 764 969 nou
788 908 913 983 hebent,
943 908 1011 969 vide
1030 930 1106 985 qnae
1126 911 1207 969 inire
1227 908 1367 969 dicentur

318 997 351 1054 in
372 983 393 1079 ἧ
412 1002 442 1055 et
460 982 550 1077 ἦπου
571 994 723 1069 particulis
744 992 781 1051 sd
804 1014 833 1069 p.
855 997 895 1051 93
911 1012 979 1067 sqq.

401 1076 450 1136 De
476 1077 627 1153 particulis
657 1072 714 1138 καὶ
736 1070 777 1159 δὴ
808 1074 946 1151 quoniam
974 1073 1124 1135 Dersrine
1149 1076 1213 1151 ipse
1243 1096 1365 1151 separa-

133 1166 183 1219 aeol
203 1135 300 1233 -dri
318 1162 371 1220 tim
401 1161 495 1236 dixit,
525 1181 584 1218 non
615 1160 707 1219 dicam
736 1157 791 1217 lroc
817 1160 892 1219 loco.
934 1156 1098 1219 Particulae
1120 1169 1217 1219 autem
1240 1155 1299 1221 trud
1319 1194 1363 1205 --

317 1238 359 1329 δὴ
380 1246 409 1305 si
431 1242 549 1321 qnando
572 1245 745 1318 interposita
766 1242 867 1317 aliqua
889 1262 959 1303 voce
984 1242 1135 1318 dicuntur,
1164 1242 1252 1301 facile
1275 1264 1361 1303 suern

219 1385 224 1393 ,
316 1349 453 1405 quaeque
479 1330 541 1387 rim
567 1347 601 1385 ec
621 1334 795 1402 potestatem
817 1336 943 1401 tuentur.
985 1324 1106 1384 Etenim
1134 1323 1191 1387 καὶ
1213 1330 1361 1385 connectit

314 1433 380 1471 rann
405 1434 471 1471 cuna
491 1410 726 1473 antecedentibus
757 1419 785 1469 et
811 1430 866 1485 per
895 1429 928 1470 ss
949 1429 1006 1467 non
1029 1418 1140 1484 spectat
1161 1403 1201 1492 δὴ
1227 1413 1359 1483 particu-

314 1493 394 1571 lanr,
415 1492 456 1582 dr)
475 1510 572 1555 antem
594 1493 631 1553 de
652 1494 794 1571 singulari
817 1512 887 1554 voce
907 1490 1059 1565 adfirmat,
1080 1494 1128 1551 eni
1150 1495 1215 1567 ipsa
1236 1496 1270 1552 in
1292 1514 1359 1551 ora·

315 1581 405 1639 tionis
421 1582 498 1641 serio
510 1580 638 1639 subiecta
659 1588 712 1650 est,
735 1575 812 1651 quod
834 1575 911 1635 idem
932 1576 1023 1635 simili
1038 1575 1123 1634 modo
1145 1576 1212 1635 fieri
1233 1576 1267 1634 in
1289 1598 1359 1651 par·

313 1662 411 1724 ticnlis
440 1658 497 1724 καὶ
525 1696 569 1709 -
593 1658 630 1742 γὲ
658 1681 749 1735 supra
776 1659 901 1719 vidimus
932 1680 962 1735 p.
989 1662 1051 1719 315
1069 1680 1136 1734 sqq.
1184 1656 1238 1718 Sic
1264 1660 1360 1735 igitur

312 1747 402 1803 etism
430 1740 472 1828 δὴ
493 1744 671 1821 singularem
696 1764 797 1804 rocem
824 1742 932 1817 ecfert,
960 1742 1010 1801 red
1036 1744 1094 1815 its,
1125 1750 1157 1799 nt
1184 1744 1358 1816 temporalis

311 1828 366 1887 illa
386 1828 568 1901 adfirmatio,
592 1828 628 1885 de
649 1848 708 1901 qua
729 1846 816 1900 saepe
840 1827 918 1898 dico,
941 1828 1029 1885 etism
1051 1827 1083 1883 in
1104 1823 1152 1885 luis
1171 1824 1242 1884 locis
1264 1848 1358 1903 agno·

312 1910 420 1971 sosnda
451 1914 501 1973 tit.
557 1909 709 1989 Quidquid
745 1913 825 1968 enim
860 1909 1046 1985 adiungitur,
1080 1928 1133 1984 per
1158 1903 1215 1970 nal
1241 1943 1279 1954 -
1315 1906 1356 1993 dr)

311 1994 488 2071 particulas,
518 1992 556 2053 id'
578 1995 621 2052 ita
647 1993 833 2069 adiungitur,
865 2000 897 2051 ut
922 1992 954 2051 id
979 1994 1061 2067 prins
1087 1993 1214 2054 tortasse
1242 1996 1358 2068 miuus,

196 2104 199 2108 ·
311 2088 526 2153 runcantem,
555 2086 587 2134 ut
607 2096 672 2134 cum
695 2096 850 2151 maxume,
883 2078 924 2137 ita
948 2096 997 2151 se,
1028 2076 1071 2134 uti
1094 2074 1213 2150 dicitur,
1242 2074 1359 2136 lsnbere

311 2162 511 2239 significum
539 2178 597 2235 qna
617 2162 838 2219 ratiocinatione
858 2158 929 2220 ordo
950 2178 984 2217 ac
1009 2160 1103 2220 series
1123 2178 1238 2233 rerum,
1263 2160 1357 2219 modo

310 2245 444 2319 gradatio
473 2244 634 2321 quaedam,
670 2243 758 2301 modo
782 2244 944 2301 consecutio
971 2242 1093 2301 alicuius
1121 2244 1165 2301 rei
1193 2260 1232 2301 ex
1259 2242 1357 2303 altere

310 2330 510 2405 significatur,
544 2327 614 2387 ride
642 2347 718 2403 quae
744 2325 781 2386 de
807 2324 864 2385 lunc
890 2326 953 2384 loco
983 2326 1142 2400 explicavit
1168 2322 1354 2403 Hartnngins

309 2414 370 2473 vol.
399 2411 425 2472 l.
450 2434 482 2487 p.
503 2418 564 2473 263
585 2432 651 2485 sqq.
700 2408 831 2469 Facilior
855 2412 904 2469 uis
932 2429 986 2483 per
1015 2409 1150 2484 exempla
1170 2410 1244 2486 erit,
1275 2430 1354 2485 quae

184 2494 191 2505 '
309 2496 402 2554 multa
430 2496 509 2570 apud
531 2493 648 2554 Atticos
675 2496 832 2568 scriptores
863 2491 1017 2553 habentur.
1059 2490 1111 2552 Sic
1132 2494 1224 2567 igitur
1244 2491 1352 2553 Xeno·

299 2577 392 2653 -plron
410 2580 443 2637 in
464 2579 651 2653 Expositum
674 2578 739 2650 Gyri
767 2578 817 2637 lib.
839 2572 896 2635 IV.
921 2594 984 2650 cap.
1011 2584 1038 2636 1.
1061 2580 1090 2650 ς.
1114 2578 1163 2633 13.
1191 2577 1244 2634 nbi
1266 2577 1354 2652 dixit,

309 2660 399 2719 duces
413 2657 591 2720 Graecorum
606 2660 762 2719 consilinm
779 2662 891 2735 cepisse
910 2668 939 2718 et
953 2662 1099 2734 iumenta,
1121 2660 1178 2717 nisi
1203 2680 1281 2733 quae
1301 2682 1353 2720 ne·

308 2746 435 2804 cessaria
455 2751 563 2816 essent,
585 2752 613 2801 et
634 2745 765 2817 captivos
790 2764 882 2819 nuper
902 2742 993 2802 sectos
1013 2742 1193 2817 relinquere,
1215 2752 1248 2801 nt
1265 2742 1350 2803 huius

307 2808 514 2887 rei‘cumram
541 2827 685 2901 explicet,
716 2828 759 2885 ita
784 2830 896 2903 pergit:
935 2820 1100 2903 Σχολαίον
1125 2820 1189 2927 γὰρ
1212 2821 1351 2899 ἐποίουν

306 2904 366 2993 τὴν
392 2904 534 2995 πορείαν
563 2904 675 2972 πολλὰ
704 2898 784 2972 ὅντα
811 2908 853 2971 τὰ
881 2901 1049 2989 ὑποζύγια
1080 2928 1136 2970 και
1164 2902 1208 2969 τὰ
1230 2902 1352 3011 ulpici-

305 2991 408 3057 λωτα·
432 2988 489 3056 καὶ
509 2987 632 3056 πολλοὶ
648 2986 688 3076 δὴ
708 2986 833 3065 οὔτῶν,
856 2986 889 3055 oi
907 2986 965 3055 ἐπὶ
980 2982 1111 3065 τούτοις
1127 2978 1234 3065 ύντες,
1257 2987 1350 3054 αιτδ·

303 3096 407 3157 μαχοι
436 3065 547 3159 ἦσαν,
578 3077 685 3150 quibus
719 3078 751 3134 in
780 3076 878 3135 verbis
906 3094 968 3134 vox
995 3069 1119 3137 πολλοὶ
1147 3076 1190 3132 ita
1212 3074 1349 3151 ecfertur,

304 3167 338 3219 nt
364 3160 548 3233 significetur
576 3160 684 3217 multos
710 3160 789 3234 iam,
823 3179 912 3235 quoru
936 3165 1021 3217 antes
1047 3157 1174 3217 sortasse
1196 3161 1349 3233 panciores

304 3242 341 3301 ad
367 3241 446 3302 luunc
467 3264 552 3303 nsum
571 3245 806 3319 requirerentur,
838 3244 888 3301 ubi
912 3244 1093 3317 captiuorum
1113 3260 1250 3300 numerus
1271 3262 1347 3301 non-

303 3325 374 3385 dum
397 3334 496 3387 auctos
520 3336 597 3401 esst,
623 3344 754 3400 pugnero
775 3346 837 3385 non
858 3344 961 3402 posse,
994 3326 1046 3398 qui
1067 3326 1134 3383 istis
1154 3326 1291 3383 iumentis
1316 3336 1347 3385 et

303 3412 427 3483 captivis
437 3416 627 3497 praeessent.
675 3406 739 3468 Nec
761 3411 858 3468 minus
879 3412 911 3468 in
932 3406 1065 3467 Platonis
1086 3406 1168 3481 loco,
1195 3428 1254 3480 quo
1275 3428 1346 3468 nsns

303 3500 350 3552 est
373 3491 559 3568 Hsrtnugins
587 3491 609 3551 l.
632 3491 673 3565 l.,
701 3512 718 3551 e
751 3492 900 3553 llroedouc
923 3488 1003 3549 Part.
1027 3488 1068 3549 lt.
1092 3490 1154 3552 vol.
1176 3486 1230 3551 lll.
1274 3500 1344 3552 ,12

301 3595 349 3649 sq.
384 3577 429 3636 ed.
451 3575 548 3637 Beth.
583 3597 614 3651 p.
646 3580 697 3633 62.
727 3572 766 3633 Β.
793 3574 839 3636 ed.
869 3574 909 3634 ll.
934 3572 1040 3650 Steplr.
1081 3564 1123 3633 ‘O
1147 3570 1209 3651 μὲν
1230 3512 1289 3637 ola
1310 3571 1344 3637 δν

302 3651 509 3759 ἆττοῤῥύτοις
541 3652 717 3760 λεγόμενος
747 3654 826 3739 περὶ
861 3648 971 3721 αὐτῶν
1002 3650 1109 3737 λόγος,
1140 3649 1185 3755 ὡς
1210 3646 1246 3717 ἔν
1276 3678 1343 3720 τινι

300 3762 438 3828 φρουρᾳ
466 3738 563 3819 ἐσμὲν
593 3764 624 3802 οι
655 3733 836 3824 ἅνθρωποι
863 3737 919 3803 καὶ
946 3731 989 3805 οὐ
1018 3738 1071 3802 δεῖ
1096 3734 1135 3821 δὴ
1164 3732 1283 3799 scotris
1302 3734 1341 3801 ἐκ

300 3817 422 3907 ταύτης
453 3818 542 3887 λύειν
573 3814 649 3886 οὔδ’
686 3814 964 3907 ἀποδιδράσκειν,
1001 3820 1102 3903 μέγας
1131 3814 1169 3881 τέ
1197 3813 1249 3893 τίς
1281 3840 1344 3899 μοι

300 3905 457 3992 φαίνεται
488 3900 544 3969 καὶ
576 3898 616 3969 ού
646 3899 765 3991 ῥᾴδιος
794 3904 911 3969 διῖδεῖν
942 3898 1025 3981 τοτὲ,
1054 3910 1175 3981 apparet
1195 3924 1286 3976 quem
1306 3905 1343 3964 ad

298 3991 418 4051 modnm
442 3985 499 4053 καὶ
521 4022 559 4033 -·
585 3984 626 4074 δὴ
651 3991 771 4049 dicatur.
821 3989 988 4064 Respicit'nr
1013 3992 1094 4048 enim
1114 3986 1161 4046 luis
1183 3988 1342 4062 particulis,

298 4074 330 4136 id
352 4076 430 4150 qnod
454 4084 531 4134 recte
552 4072 735 4148 Hartuugius
755 4072 869 4147 docuit,
897 4071 1003 4145 adid,
1029 4070 1215 4146 quodmodo
1237 4070 1342 4129 dictum

297 4169 375 4233 erat,
397 4166 428 4217 ut
448 4156 504 4218 lroc
525 4159 719 4235 significetur,
743 4178 807 4215 curu
830 4155 947 4230 quidem
969 4176 1024 4229 nos
1047 4154 1184 4213 hauriret
1199 4156 1291 4213 simus
1311 4158 1342 4213 in

298 4242 399 4314 nliqnu
420 4242 566 4318 custodis,
599 4245 687 4300 etiam
709 4240 788 4299 istud
810 4241 868 4299 iem
894 4248 1119 4298 consentaneum
1142 4256 1225 4311 esse,
1253 4246 1284 4295 nt
1305 4258 1343 4296 ne

298 4321 480 4383 discedam
504 4347 544 4385 ex
571 4346 605 4386 eu
621 4327 744 4385 -iuinssu
766 4326 848 4400 eius,
874 4326 926 4399 qui
947 4344 1000 4383 nos
1021 4314 1101 4383 dedit
1122 4322 1155 4381 in
1173 4320 1342 4383 custodiam.
