2850 4842
298 443 363 511 m
615 437 681 521 pt,
712 438 762 522 pi
787 458 881 515 τοι,
911 440 1030 523 γοῦν.

299 608 467 756 flaginana>
485 610 544 669 iam
560 604 709 671 Homerus
724 607 836 667 locatas
854 614 909 684 cst,
925 606 1018 671 relati
1034 609 1067 668 in
1086 610 1229 683 cosmae
1241 612 1299 675 lib.
1308 612 1348 673 ll.

299 716 329 757 s.
416 734 424 754 .

463 806 572 881 Παῦροι
588 801 643 880 yrip
663 824 706 861 τοι
723 804 821 864 παῖδες
839 801 933 875 ὁμοῖοι
948 804 1033 875 nomi
1049 763 1189 863 πὶλονται.

301 933 410 1073 aliliqne
430 931 584 1006 scriptores
597 927 682 987 malti
695 933 761 1004 post
772 948 849 1005 eum,
870 934 903 988 at
916 948 963 988 res
979 928 1125 1004 exemplis
1136 929 1270 1007 indigere
1283 950 1348 991 non

300 1018 329 1079 vi
351 1024 440 1075 eatur.

712 1250 941 1260 --——.-...

711 1264 941 1273 ———

636 1492 904 1557 CAPUT
954 1493 1013 1558 Vl.

424 1664 483 1737 Ile
515 1663 756 1763 particula
789 1669 856 1753 qt,
887 1667 938 1753 γέ
966 1691 1060 1746 coc,
1090 1672 1220 1754 poia.

237 1876 284 1931 Γέ.
386 1865 469 1949 Quas
501 1866 648 1927 Devarius
681 1886 713 1940 p.
749 1865 799 1928 54.
831 1867 929 1940 posuit
957 1864 1111 1941 particulas
1142 1864 1272 1926 Latinas
1302 1878 1340 1937 ot,

189 1989 222 2037 1..
239 1986 273 2039 ω
299 1952 410 2023 ulem,
431 1960 512 2021 certa,
534 1958 566 2010 ut
586 1950 703 2009 doceret
729 1949 800 2024 quid
819 1951 939 2025 proprie
959 1950 1099 2025 particula
1121 1946 1158 2030 γὲ
1177 1950 1344 2026 significare
1416 1999 1417 2026 3

274 2020 455 2112 'videntum
478 2053 531 2093 eae
552 2052 727 2109 quamquam
749 2032 808 2090 alia
828 2033 886 2090 alio
909 2032 974 2092 loco
995 2055 1048 2107 pro
1070 2030 1183 2092 Graeca
1204 2034 1341 2109 particula
1416 2035 1418 2160 y

300 2121 437 2182 cunstitui
460 2128 594 2194 possunt,
615 2120 656 2176 ita
677 2124 784 2191 tamen,
806 2137 895 2189 quom
918 2120 1042 2191 primam
1056 2138 1090 2175 ac
1101 2119 1234 2176 nativam
1247 2137 1341 2177 earum

299 2207 360 2266 sim
391 2224 425 2263 sc
450 2210 624 2277 potestatem
651 2209 831 2275 spectamus,
864 2202 943 2258 inter
971 2220 1003 2260 se
1030 2200 1216 2277 discrepant,
1253 2209 1283 2258 ut
1307 2199 1341 2257 ad

299 2308 398 2349 secam
417 2290 478 2347 vim
500 2306 532 2345 ac
551 2294 684 2344 naturam
705 2279 920 2363 particulae'ye*
940 2283 1169 2358 cognoscendam
1188 2306 1252 2344 non
1272 2284 1341 2341 mul

300 2379 363 2430 lum
395 2371 511 2429 adlerre
539 2368 702 2429 videantur.
757 2365 856 2443 Quam
888 2367 925 2425 ob
956 2387 1017 2425 rem
1048 2370 1163 2427 tametsi
1189 2365 1340 2425 admodum

299 2454 418 2514 difficile
438 2460 481 2512 est
502 2472 535 2510 ac
554 2452 707 2525 lubricum,
727 2451 760 2507 in
781 2449 828 2507 lris
849 2454 1021 2524 praesertim
1033 2452 1181 2525 particulis
1194 2453 1340 2522 orationis,

301 2557 425 2613 quarum
454 2538 548 2610 prima
572 2536 616 2594 vis
645 2541 734 2607 atque
762 2533 880 2592 iuterna
905 2542 1010 2592 natura
1037 2534 1181 2592 cotidiana
1203 2533 1340 2608 loquendi

300 2617 508 2679 consuetudine
530 2626 559 2675 et
577 2618 727 2690 frequenti
744 2636 799 2674 usu
818 2638 879 2675 non
899 2636 965 2675 raro
985 2638 1105 2693 prorsus
1126 2621 1277 2676 evanuisse
1295 2618 1340 2674 ri·

300 2702 419 2779 deatur,
453 2702 596 2775 originem
626 2702 750 2781 primam
777 2709 808 2781 et
834 2709 968 2758 naturam
993 2701 1196 2760 vocabulorum
1225 2720 1264 2759 ex
1288 2700 1339 2758 ob·

301 2790 393 2847 muris
422 2786 600 2859 antiquitatis
629 2784 745 2842 indiciis
773 2804 876 2842 eruere
903 2794 993 2857 atqua
1020 2787 1217 2861 investigare,
1244 2792 1339 2842 manen

300 2868 466 2929 iaciendum
487 2887 553 2927 case
574 2866 699 2941 videtur,
720 2876 831 2925 utnon
853 2875 912 2924 tam
931 2867 1134 2927 similitudines
1155 2868 1276 2926 aliamm
1286 2868 1339 2925 lin·

301 2973 422 3029 guarum
444 2972 629 3027 quaeramus,
651 2952 756 3026 quilius
776 2952 822 3008 vis
842 2952 1001 3024 particulae
1014 2947 1051 3033 γὲ
1065 2951 1236 3027 declaretur,
1256 2970 1337 3025 quam
1415 2941 1416 2978 ³

301 3040 393 3113 ipsius
420 3040 518 3115 potins
543 3036 677 3095 vocabuli
699 3037 862 3110 originem,
890 3034 987 3109 quoad
1008 3037 1072 3096 eins
1093 3035 1160 3095 fleri
1183 3046 1286 3111 queat,
1310 3037 1338 3090 et

301 3125 429 3182 nativam
453 3128 628 3196 potestatem
649 3119 839 3194 explicemus.

384 3206 432 3265 Ac
461 3208 588 3280 primum
615 3204 735 3279 quidem
763 3201 957 3261 consideranti
985 3198 1058 3261 milri
1086 3221 1119 3260 ao
1145 3221 1255 3261 mecum
1273 3218 1336 3274 per·

283 3289 441 3371 „pendenti
463 3292 525 3347 vim
545 3287 703 3363 particulae
724 3280 779 3365 γέ,
809 3306 866 3359 qua
888 3305 951 3344 rem
972 3288 1140 3361 quampiam
1161 3285 1270 3345 omissis
1292 3302 1336 3339 cc·

301 3377 373 3433 toris
399 3376 485 3432 rebus
513 3374 596 3447 quasi
622 3373 820 3430 certissumam
848 3389 958 3443 ponere
982 3367 1147 3445 videretur,
1181 3388 1241 3429 vox
1264 3360 1335 3447 yia

281 3458 443 3531 ,principio
466 3455 541 3513 uilril
561 3452 640 3513 aliud
661 3456 726 3512 visa
747 3462 790 3511 cst
811 3453 1043 3528 significarissc,
1073 3456 1132 3512 nisi
1153 3450 1263 3528 aliquid
1281 3468 1335 3505 non

300 3541 362 3597 iam
389 3542 421 3597 iu
452 3540 589 3613 opinione
616 3536 787 3611 hominum,
816 3536 868 3595 sed
894 3538 926 3594 in
947 3539 1012 3611 ipso
1033 3537 1110 3594 sacto
1132 3545 1280 3607 constare,
1307 3540 1335 3586 ul

301 3642 366 3681 eam
385 3643 491 3683 vocem
507 3643 546 3680 ex
565 3621 664 3696 aliquo
688 3622 781 3695 sonte,
805 3640 893 3695 quem
915 3640 1095 3678 communem
1113 3617 1260 3678 habuisset
1277 3635 1334 3672 cum

300 3709 390 3767 sorbo
414 3706 437 3766 I
438 3703 551 3779 ἙΝΩ,
580 3706 656 3764 uude
684 3708 782 3762 ctiam.
799 3723 905 3762 nomen
928 3700 987 3807 piu
1012 3706 1074 3762 sire
1094 3704 1135 3785 γῆ
1156 3702 1275 3760 fluxisse
1293 3698 1333 3754 ri·

301 3789 433 3864 deretur,
465 3808 612 3847 emanasse
640 3794 783 3861 putarem.
833 3785 879 3845 lta
905 3807 942 3867 γε
970 3807 1023 3862 per
1047 3807 1079 3845 se
1109 3807 1173 3845 rem
1200 3796 1333 3857 tamquam

301 3877 498 3933 certissumam
518 3888 630 3946 ponere
648 3870 810 3946 videbatur,
832 3872 943 3945 quippe
961 3870 997 3929 de
1017 3891 1075 3946 qua
1094 3871 1161 3943 ipso
1180 3870 1254 3927 iacto
1272 3883 1333 3923 con·

301 3966 403 4032 staret,
426 3956 510 4029 quasi
535 3962 635 4013 nostra
655 3953 759 4029 lingua
780 3954 906 4013 diceres:
933 3958 964 4011 ia
983 3953 1033 4012 der
1055 3954 1140 4022 utar,
1161 3951 1331 4028 pessimant

300 4038 409 4101 Latina
430 4048 511 4108 cora,
535 4041 656 4113 antiqua
677 4058 709 4095 ac
730 4057 798 4097 vera
820 4036 978 4112 particulae
999 4036 1221 4109 significatione.

385 4122 446 4184 Sed
470 4132 567 4182 tamen
592 4142 682 4196 quom
707 4121 836 4180 viderem
863 4141 895 4178 ac
919 4130 1087 4194 reputarem
1109 4122 1228 4193 primam
1245 4112 1327 4180 illam,

302 4226 389 4279 quarn
412 4228 467 4284 ego
491 4208 673 4291 statuissem,
705 4225 738 4262 ac
761 4205 921 4262 naturalem
945 4207 1007 4262 vim
1032 4204 1189 4278 particulae
1208 4193 1240 4279 γὲ
1259 4210 1330 4252 nunc

302 4286 421 4358 quidem
438 4292 470 4348 in
489 4292 604 4365 scriptia
618 4300 749 4354 satarum
759 4286 938 4349 Graecorum
952 4290 1006 4349 rix
1020 4307 1107 4364 posse
1120 4284 1241 4365 agnosci,
1261 4272 1332 4353 ‘1⁰⁰⁴
