2850 4842
605 479 665 553 ι’ίν.
1093 446 1161 564 149Ι

103 659 245 735 typam),
275 674 366 732 quom
390 654 461 715 libri
487 656 552 717 sere
580 656 757 719 exhibeant:
791 652 851 725 οὒκ
873 652 913 725 iit·
935 652 1094 747 δέξήσδε,
1125 674 1156 727 ut
1216 726 1220 733 ,

105 746 190 801 scribi
207 743 319 816 possit:
343 730 404 802 οὐκ
426 729 466 801 dv
487 736 655 815 δέξαισθε.
702 742 801 820 Saepe
815 766 935 807 numero
948 750 1028 807 euim
1044 750 1155 810 videtur

104 826 139 885 ab
167 826 302 883 librariis
330 824 477 897 optativus
506 824 598 883 sutori
627 827 702 887 fuleo
730 829 830 889 illatus
858 852 932 891 esse.
974 829 1010 890 Id
1037 842 1154 908 optume

103 910 247 985 probatur
275 906 333 967 hoc
359 907 514 982 exemplo,
547 908 625 983 quod
649 908 790 972 habemus
811 916 842 971 iu
864 913 1015 989 Euripidis
1038 918 1154 977 Andro-

104 994 206 1051 ιιιιιελιο
236 1013 267 1051 ν.
291 993 363 1048 240.
392 990 438 1048 ed.
457 988 579 1069 Herm,
611 994 660 1053 ubi
687 1016 776 1069 quom
803 1018 857 1070 pro
886 1019 939 1075 eo,
971 996 1153 1073 quod‘uunc

104 1086 182 1135 recte
204 1078 427 1149 scriptumest:

317 1201 375 1257 oia
393 1190 428 1256 αὖ
447 1206 537 1277 σιωπή
557 1202 699 1279 Κύπριδος
719 1204 846 1276 ἀλγήσεις
862 1210 943 1282 πέρι,·

105 1327 178 1387 olim
200 1327 280 1385 mule
303 1328 443 1401 scriptum
467 1308 560 1386 e'sset:

156 1452 212 1510 Οὔκ
228 1451 266 1509 ἂν
284 1459 375 1530 σιωπή
392 1423 535 1529 Κιλιιριδος
551 1451 760 1525 ἀλγήσεις,(ειιι
779 1462 854 1511 etiam
871 1456 1009 1535 ιἰλμήαής)
1029 1464 1119 1537 cipes

106 1578 138 1638 id
161 1581 203 1637 ita
226 1585 386 1638 correctum
412 1580 511 1637 estin
534 1578 610 1636 libro
634 1575 817 1656 Havuiensi,
848 1588 879 1640 ut
905 1574 1062 1667 διλγήσοις
1082 1589 1151 1646 scri-

105 1672 189 1738 ptam
217 1666 265 1721 sit.
309 1660 353 1722 At
376 1664 416 1720 sic
436 1662 553 1721 videtur
574 1664 661 1721 etiam
683 1665 715 1721 iu
740 1662 876 1741 Lycurgi
900 1669 1031 1726 oratione
1053 1680 1153 1729 contro

106 1750 271 1807 iaco-utem
293 1750 321 1818 ς.
346 1748 395 1804 14.
416 1744 462 1803 ed.
483 1743 593 1845 Bokk,
606 1767 637 1820 p.
659 1750 730 1805 149.
752 1748 798 1806 ed.
822 1747 862 1807 Η.
882 1747 985 1823 Steph.
1007 1753 1039 1808 iu
1060 1753 1151 1813 libros

106 1830 263 1904 pterosque
282 1831 452 1903 imepsisse:
482 1823 504 1892 δ’
521 1850 555 1892 τι
572 1820 612 1890 ἂν
627 1822 882 1909 βουλεύσαισθε,
903 1835 953 1892 ubi
974 1856 1053 1895 nuuc
1073 1846 1151 1895 recte

105 1934 124 1973 a
144 1912 289 1973 Bekkero
311 1913 422 1973 editor:
450 1907 531 1993 περὶ
560 1908 597 1975 δὲ
623 1905 743 1977 τούτου
765 1908 784 1976 ὅ
806 1936 847 1981 τι,
861 1910 900 1977 ἂν
920 1911 1151 2000 βουλεύσησθε

104 1994 201 2081 παρὰ
228 1996 318 2060 πᾶσι
341 1996 416 2070 τοῖς
435 1986 588 2077 Ἓλλησιν
610 1988 705 2059 ἔσται
726 1989 849 2077 λόγος,
880 2000 991 2058 utalia
1013 2003 1151 2077 exempla
1256 2026 1262 2034 ·

103 2080 192 2140 liuius
219 2081 461 2156 permutationis,
492 2099 567 2152 quae
596 2080 686 2138 multe
713 2080 822 2140 adserui
843 2092 980 2159 possunt,
1008 2089 1150 2143 omittam.

104 2163 183 2224 Nam
209 2168 297 2224 etiam
324 2162 403 2239 apud
422 2160 551 2238 Lysiam
575 2164 607 2220 iu
628 2166 762 2222 oratioue
784 2162 828 2239 I.,
853 2188 926 2239 quae
948 2174 993 2227 est
1014 2170 1047 2225 dc
1069 2172 1151 2227 coede

105 2250 308 2319 Eratosthenis,
319 2252 349 2320 ς.
364 2255 416 2305 22.
433 2247 480 2305 ed.
493 2243 593 2305 Bekk.
606 2267 636 2319 p.
653 2251 704 2304 93.
719 2245 763 2305 ed.
776 2246 816 2305 H.
829 2245 945 2324 Steph,
957 2252 1007 2309 ubi
1018 2254 1051 2308 in
1065 2250 1151 2311 libris

106 2334 241 2391 omuibus
262 2330 335 2392 haec
348 2330 472 2390 hebetur
485 2332 642 2404 scriptum
665 2322 764 2405 εἰδὼς
777 2321 809 2391 δ’
827 2324 891 2413 ἐγὼ
907 2326 959 2395 ὅτι
973 2334 1151 2415 τηνικαῦτα

106 2406 286 2499 ἀφιγμένος
313 2410 409 2479 οὐδὲν
430 2407 471 2476 δν
492 2405 723 2496 καταλήψοιτο
746 2406 836 2477 οἴκοι
856 2415 921 2477 τῶν
942 2412 1148 2499 ἐπιτηδείων,

104 2496 254 2563 ἐκέλευον
276 2496 510 2568 συνδειπνεῖν,
536 2500 669 2570 quemvis
692 2499 813 2557 rescribi
837 2502 961 2573 possit,
974 2510 1006 2558 ut
1028 2504 1148 2576 propius

103 2582 220 2643 accedas
241 2583 440 2642 ssd-librorum
461 2582 599 2655 vestigia:
630 2573 736 2643 οὐδέν’
763 2572 803 2644 dv
825 2578 1067 2665 καταλήψοιτο,
1088 2606 1150 2645 non

103 2681 201 2727 tamen
227 2664 401 2726 Bekkerum
428 2663 628 2742 reprehendo,
652 2664 732 2739 quod
760 2666 870 2725 edidit:
902 2660 1021 2731 οὐδένα
1047 2690 1148 2731 κατα·
1229 2728 1238 2745 ,

103 2741 252 2834 λήψοιτο
274 2744 362 2813 οἴκοι
383 2742 447 2812 κτὲ.
476 2749 589 2830 ‚Quom
608 2750 698 2825 igitur
720 2747 775 2809 hoc
798 2754 896 2829 ipsum
921 2752 1076 2810 admodum
1097 2752 1149 2810 du·

1 2851 3 2902 t
102 2837 190 2894 bium
221 2834 276 2907 sit,
305 2854 375 2892 uum
402 2824 443 2894 ἂν
470 2834 612 2907 particule
640 2854 704 2890 cum
733 2838 861 2907 optativo
888 2836 979 2894 sutori
1006 2837 1148 2911 temporis

104 2919 262 2976 coniuncta
283 2919 331 2989 sit,
351 2916 403 2976 hoc
424 2917 543 2990 quidem
563 2918 678 2975 ratione
699 2938 758 2975 non
779 2920 901 2977 muitum
920 2920 1099 2995 proficiatur,
1121 2923 1148 2978 si

103 3004 174 3077 quis
203 3000 275 3059 velit
303 3000 495 3061 demonstrare
526 3002 656 3073 potuisse
680 3000 857 3061 infinitivum
887 3006 1024 3077 temporis
1054 3004 1147 3061 futuri

102 3087 239 3160 componi
259 3104 323 3142 cum
343 3076 383 3146 dv
403 3082 556 3160 particulo,
577 3082 705 3157 quodid
726 3102 779 3156 per
795 3087 954 3167 optativum
967 3087 1059 3160 sutori
1073 3087 1147 3145 solvi

101 3173 215 3245 possit,
245 3188 419 3245 quamquam
442 3166 499 3226 hoc
525 3176 697 3241 argumento
722 3186 791 3224 usus
813 3174 856 3225 cst
878 3171 965 3226 etiam
990 3166 1147 3243 Augustus

2 3281 3 3308 t
101 3251 250 3311 Matthiae
268 3255 301 3310 iu
322 3256 450 3312 drumm.
468 3272 512 3327 pt.
535 3251 623 3327 ιιιιιμλ.
645 3254 782 3323 p.1200.
806 3249 852 3309 ed.
870 3271 928 3310 sec.
972 3248 1024 3310 Nil
1044 3253 1149 3326 probat

103 3336 274 3411 exemplum
293 3336 378 3395 litem
399 3329 477 3410 duod
498 3335 550 3394 lite
573 3334 706 3393 resolvit.
978 3368 983 3377 ·

185 3419 228 3479 Et
248 3421 386 3495 exempla
408 3418 538 3494 quidem,
560 3438 636 3494 quae
657 3416 712 3476 huc
734 3420 846 3477 vocavit
858 3414 1013 3496 Devarius,
1035 3424 1068 3479 ut
1080 3440 1147 3495 pro-

102 3506 185 3563 baret
203 3502 332 3563 Graecos
352 3496 392 3565 iic
413 3524 479 3562 cum
498 3502 646 3563 infinitivo
664 3502 757 3561 futuri
776 3504 982 3579 coniunxisse,
1003 3506 1148 3565 removeri

100 3589 188 3649 facito
216 3598 365 3663 possunt*
390 3584 468 3647 Nam
496 3586 572 3663 apud
594 3585 750 3645 Isocratem
769 3589 802 3644 in
825 3587 955 3645 Busiride
975 3592 1002 3660 §.
1024 3595 1075 3648 27.
1100 3590 1147 3647 ed.

101 3670 199 3732 Bekk.
226 3694 258 3747 p.
287 3677 360 3731 226.
393 3671 439 3731 ed.
465 3669 505 3730 Η.
534 3668 637 3745 Steph.
668 3691 746 3727 nuuc
769 3691 785 3728 a
808 3666 949 3751 Bekkero
974 3670 1083 3730 editum
1104 3680 1148 3729 est

101 3778 142 3817 ex
163 3756 242 3815 libro
263 3752 425 3815 Urbinate:
458 3748 588 3833 ἐνόμιζε
614 3747 678 3836 γὰρ
706 3746 783 3829 totid
803 3750 864 3832 μὲν
885 3746 1010 3817 τούτων
1030 3746 1148 3833 ὀλιγω-

123 3840 242 3914 οὗντας
272 3834 369 3917 τυχὸν
396 3834 544 3903 καὶτῶν
569 3833 730 3916 μειζόνων
758 3830 1038 3939 καταφρονήσειν,
1070 3832 1148 3911 τοὺς

98 3862 131 3985 δ’
146 3918 207 3987 int
227 3914 363 3985 πάντων
384 3914 511 4001 ὁμοίως
532 3915 730 3998 ἐμμένοντας
751 3922 791 4005 τῇ
809 3918 903 3996 ταξει
915 3916 1060 4002 βεβαίως
1076 3912 1148 3984 ἔσε-

4 4057 5 4064 .
98 4008 185 4071 σθαι
212 4001 273 4091 τήν
301 3998 410 4070 αὑτῶν
435 3997 604 4083 εὐσέβειαν
624 4001 936 4086 ἐπιδεδειγμένους.,
970 4012 1148 4080 quamquam

98 4089 178 4166 quod
203 4090 297 4165 voigo
328 4091 371 4148 ibi
389 4090 568 4167 tegebatur:
601 4085 698 4168 τομὸν
732 4079 772 4148 iio
805 4085 860 4151 καὶ
892 4088 957 4149 τῶν
988 4080 1146 4167 μειζόνων

97 4165 385 4259 καταφρονήσειν,
418 4177 460 4233 ita
490 4172 639 4254 commode
670 4170 789 4231 defendi
819 4172 925 4245 possit,
956 4178 988 4227 ut
1017 4170 1146 4233 dicamus

95 4278 169 4319 voce
190 4252 293 4336 τοχδν
314 4247 355 4319 διν
377 4252 434 4343 καὶ
456 4259 647 4333 potissumum
668 4254 710 4330 id,
735 4253 813 4331 qpod
834 4256 969 4329 sequitur
989 4252 1054 4315 τῶν
1073 4274 1146 4332 μει-

96 4336 201 4421 ζόνων
222 4341 349 4416 efferri,
375 4351 406 4401 ut
427 4341 457 4401 id
480 4344 651 4417 separatim,
675 4343 702 4403 si
725 4340 849 4414 primam
872 4340 1056 4417 cogitationis
1078 4358 1146 4399 com
