2850 4842
527 344 531 356 ’
567 378 628 452 ε’..
1054 352 1118 459 117'

67 559 158 619 rsrba
184 555 349 617 trabeatum
388 554 534 619 Τοιούεο
556 551 613 619 καὶ
632 547 782 655 ὄφρμοτα
803 555 860 657 κοιλ
881 552 1013 645 ῥύματα
1036 555 1117 639 ἔξω-

65 646 130 705 θεν
155 635 446 726 περιομπὲχοντοι
473 631 624 723 Σατύρου
653 662 694 701 αν
719 663 794 703 τινα
819 645 979 727 οβοιστοῦ
1004 640 1116 729 depuis,
1210 700 1217 710 .

66 728 119 785 nbi
140 726 199 785 etsi
221 723 285 783 cod.
309 720 484 781 Clarkiauus
505 722 614 797 aliique
635 744 691 782 sax
709 724 778 783 libri
802 730 938 785 omittunt
962 720 1017 799 iio,
1039 738 1117 791 recta

69 821 169 868 tamen
196 809 291 866 critici
311 805 481 881 particulam
503 810 589 864 tutati
610 816 679 865 sunt
698 812 821 881 iureque
844 810 1006 884 explicarit
1026 810 1117 871 Stall-

66 895 206 953 banmius
230 894 275 950 ita
296 888 375 948 huuc
393 889 503 947 lacurn:
536 885 594 960 οἵα
622 881 663 951 dv
690 883 744 972 εἴη
766 885 918 973 Σατύρου
945 914 996 967 τις
1021 887 1117 981 ὕβρε-

67 976 151 1040 croi
179 967 294 1057 ὀορᾶν.
337 971 457 1032 Etenim
480 972 584 1031 Latini
610 974 734 1045 forsitan
761 972 863 1032 eodem
884 996 1004 1049 prorsus
1028 979 1117 1039 modo
1172 969 1177 979 ’

67 1059 117 1119 bic
146 1063 357 1133 componerent
388 1077 453 1114 cum
478 1056 646 1115 indicativo.
687 1054 814 1115 Dansu
837 1067 933 1117 antem
946 1062 1116 1136 ,particulas

68 1137 140 1215 ido,
163 1144 192 1201 si
212 1138 330 1215 quando
349 1159 384 1198 ea
402 1160 467 1197 cnm
484 1139 643 1198 indicativo
664 1143 803 1215 temporis
822 1146 986 1216 praesentis
999 1140 1115 1221 compc-

67 1230 129 1286 sita
148 1224 218 1285 esse
239 1223 384 1298 videatur,
407 1224 487 1282 infra
508 1222 624 1282 dicendi
641 1223 725 1283 locus
744 1226 801 1283 erit
823 1224 860 1282 ad
885 1246 916 1299 p.
941 1230 993 1285 68.

157 1305 316 1383 Sequitur,
342 1314 374 1365 ut
401 1306 438 1365 dc
460 1310 498 1365 iis
520 1307 593 1366 locis
614 1305 759 1382 dicamus,
786 1310 821 1367 in
842 1310 950 1383 quibus
973 1312 1116 1384 particula

68 1383 114 1453 iis
140 1412 207 1451 cum
234 1390 393 1449 indicativo
416 1390 541 1465 perlecti
562 1393 722 1465 composita
742 1410 809 1453 esse
828 1392 980 1468 videatur,
1014 1396 1066 1469 qni
1087 1402 1117 1465 ct

67 1478 246 1551 paucisunt
268 1481 298 1533 et
318 1477 378 1547 ipsi
397 1492 532 1549 quoqne,
553 1483 586 1531 ut
606 1474 694 1533 facile
715 1473 814 1535 doceri
836 1485 951 1551 potest,
975 1480 1112 1553 corrupti.

67 1558 139 1619 lnre
160 1561 241 1618 enirn
260 1556 505 1643 &nemausus
528 1557 677 1616 adnotavit
697 1578 728 1632 p.
745 1562 796 1635 47.
818 1561 851 1617 in
873 1580 909 1619 eo
929 1560 1006 1640 loco,
1026 1556 1113 1636 quem

67 1642 198 1705 Hesiodi
219 1641 386 1703 adtulerunt
405 1663 446 1702 ex
466 1639 587 1701 Stobaei
605 1645 736 1703 Samson.
759 1650 808 1700 11.
832 1646 882 1703 14.

93 1781 98 1790 ’
205 1768 335 1845 Ἔμμορέ
349 1793 391 1828 τοι
406 1773 493 1842 τιμῆς,
512 1767 580 1833 ὅςεί
600 1744 707 1846 ἔρμορε
725 1776 848 1843 γείτονος
865 1774 986 1852 iudici„

68 1902 99 1957 in
118 1900 195 1975 ipsis
214 1892 341 1957 Hesiodi
361 1894 447 1954 libris
470 1897 554 1971 upa.
575 1902 602 1952 ct
622 1895 691 1953 dior.
711 1918 741 1955 v.
758 1898 829 1957 ³45.
850 1905 928 1973 recte
946 1898 987 1956 ita
1006 1899 1112 1973 scripta

30 2022 36 2031 -
66 1981 140 2041 baec
171 1983 261 2041 verba
287 1998 371 2038 asse:
405 1972 445 2051 ὅς
470 1970 499 2037 τ)
534 1971 659 2060 iliacos
684 1974 830 2059 γείτονος
856 1977 994 2051 ἐσθλοῦ,
1024 1988 1113 2057 atquc

68 2066 146 2139 apud
169 2064 350 2141 Dionysium
360 2060 513 2120 Halicarn.
534 2061 568 2119 de
587 2065 748 2138 praecipitia
766 2064 909 2123 historicis
925 2068 1045 2140 ptati,
1062 2068 1111 2124 14.

67 2143 99 2213 ελ
121 2139 154 2211 d’
175 2140 352 2231 ὑπερεῖδεν
372 2140 406 2208 ἐν
426 2137 569 2219 τούτοις,
590 2138 641 2227 ἐφ’
666 2134 719 2218 οἷς
739 2138 873 2222 μάλιστ’
890 2138 932 2207 iio
954 2140 1112 2217 ἐνεσπού-

66 2231 162 2304 δοκε,
183 2230 242 2313 τῆς
261 2250 296 2292 τε
317 2226 514 2328 οομιξλοκῆς
532 2226 598 2287 τῶν
615 2221 809 2309 φωνηέντων
825 2221 1027 2312 γραμμάτων
1047 2221 1111 2291 κού.

65 2320 136 2377 sins
170 2313 364 2373 controversia
395 2302 435 2374 siv
464 2308 636 2385 particulam
666 2320 734 2385 post
762 2302 909 2388 μάλιστα
939 2311 1135 2381 eiiciendam

65 2419 145 2459 asse.
186 2395 293 2472 Neque
318 2398 396 2456 euim
420 2397 495 2453 ratio
525 2396 688 2470 excogitari
718 2392 778 2452 ulla
805 2403 919 2469 potest,
951 2416 1010 2472 qua
1037 2394 1112 2454 illud
1164 2404 1169 2411 '

65 2475 109 2545 iio
128 2486 163 2541 iu
185 2482 316 2557 perlecto
337 2478 482 2554 explicari
502 2478 610 2553 possit,
637 2498 735 2553 neque
757 2482 847 2538 ceteri
867 2479 939 2555 loci,
965 2481 1018 2555 qui
1039 2478 1112 2539 olim

65 2568 124 2625 bne
141 2568 235 2625 vocati
254 2573 333 2639 sunt,
352 2562 513 2638 quidquam
528 2563 663 2637 probant.
701 2560 781 2622 Nam
799 2565 887 2621 etiam
905 2563 983 2638 apud
1001 2560 1119 2623 nemo·

64 2650 202 2709 stbeneru
224 2652 268 2707 Dc
289 2667 395 2709 corona
416 2650 445 2719 ς.
466 2648 519 2704 49.
543 2643 588 2704 ed.
609 2644 710 2705 Beki.
733 2668 762 2721 p.
784 2650 858 2723 242,
879 2652 909 2706 9.
938 2646 985 2707 cd.
1005 2646 1117 2707 Reiak.

63 2746 144 2794 recte
166 2735 204 2792 ab
221 2727 459 2790 lmnnlleltkero
478 2749 520 2788 ex
539 2729 623 2789 libris
645 2734 771 2806 optumis
793 2752 826 2789 sc
845 2731 989 2806 plurumis
1002 2730 1111 2790 editum

61 2838 147 2877 nunc
171 2825 235 2876 est:
264 2810 319 2877 καὶ
339 2808 395 2876 διὰ
413 2807 491 2888 τοὺς
512 2809 641 2876 πολλοὶ)
679 2808 817 2889 τούτους
837 2810 992 2889 καὶτοὺς
1013 2805 1109 2877 ἄνθι-

61 2896 254 2977 οταμένοος
281 2896 351 2970 τοῖς
375 2887 549 2979 ὑμετέροις
569 2836 790 2975 βουύεύμοοιν
812 2889 906 2976 ὑμεῖς
928 2894 1003 2961 ἐστὲ
1024 2898 1110 2981 σῷοι
1155 2892 1164 2901 “
1218 2946 1223 2953 .

63 2980 124 3047 καὶ
147 2974 313 3062 ἔμμισθοι
319 3022 328 3051 ,
350 2973 425 3042 ἐπεὶ
445 2971 503 3041 διά
523 3000 561 3058 ys
581 2970 668 3056 ὑμᾶς
688 2971 811 3053 αὐτοὺς
831 2974 940 3043 πάλαι
960 2971 1000 3042 iio
1021 2972 1111 3042 ἄπο·

63 3060 232 3136 tubere..
264 3064 315 3123 ubi
346 3066 484 3138 perpauci
516 3064 600 3137 iique
628 3060 786 3121 deteriores
815 3063 898 3121 libri:
933 3056 1042 3126 πάλαι
1069 3053 1109 3123 iio

62 3141 275 3219 ἀπολώλατε,
296 3146 409 3221 legunt.
430 3147 469 3205 ct.
490 3143 530 3205 G.
550 3144 742 3203 Harnrannns
762 3144 784 3203 l.
801 3144 820 3201 l,
844 3166 875 3219 p.
891 3146 955 3220 50„
976 3145 1110 3217 quinon

62 3237 176 3295 iniuria
203 3225 242 3291 ue
272 3228 447 3293 scholiastae
473 3228 592 3304 quidem
619 3226 766 3288 Aristidis
794 3225 880 3286 Tom.
910 3227 951 3287 ll.
976 3249 1006 3301 p.
1037 3232 1108 3285 143.

62 3311 203 3401 εἴληφεν
231 3308 272 3379 ἂν
298 3315 430 3389 relinqui
456 3313 573 3401 votuit„
591 3313 643 3372 scd
669 3334 724 3387 pro
749 3332 784 3372 ec
808 3302 941 3395 εἰλήφει
963 3303 1003 3373 iio
1023 3330 1109 3387 repo·

60 3402 190 3461 nendum
213 3401 412 3459 existumavit.
454 3450 458 3462 ,

147 3483 207 3545 tiis
229 3484 384 3558 disputatis
405 3500 503 3555 sparo,
526 3480 619 3541 sicubi
640 3500 700 3537 nno
721 3478 850 3538 alterove
870 3478 934 3537 loco
955 3486 1109 3563 praeturas

61 3568 208 3643 particula
230 3559 271 3631 iis
291 3586 358 3626 cum
378 3564 537 3624 indicativo
560 3566 701 3637 temporis
724 3564 889 3637 praesentis
911 3571 961 3621 aut
984 3563 1109 3637 perfecti

62 3640 225 3711 construite
245 3668 311 3727 esse
330 3647 473 3724 videatur,
494 3647 525 3707 id
546 3645 622 3705 nibil
643 3646 834 3706 dubitationis
849 3648 982 3721 cuiquam
999 3646 1109 3709 adlatu-

59 3756 129 3795 rum
148 3754 225 3795 esse.
267 3727 508 3813 Quamobrem
528 3733 588 3790 iam
609 3730 713 3789 accedo
732 3730 771 3791 ad
790 3730 865 3789 illud
885 3738 1009 3803 tempus,
1030 3727 1109 3804 quod

59 3812 154 3879 iestat
174 3820 303 3891 tertium,
325 3816 362 3876 de
384 3837 442 3892 quo
464 3816 616 3891 aliquanto
639 3813 786 3875 difficilius
809 3822 855 3876 est
876 3814 1045 3875 diiudicare.

147 3899 228 3961 Nam
258 3921 348 3975 quom
368 3910 484 3959 veteres
505 3901 702 3976 grammatici,
730 3920 803 3975 qnos
823 3920 912 3975 snpra
933 3916 1108 3958 commemo·

60 3987 205 4059 mainus,
230 3986 420 4059 negavissent
438 3983 598 4043 indicativo
615 3983 707 4042 futuri
726 3988 864 4057 temporis
884 3982 1001 4042 concedi
1020 4000 1109 4054 posse

60 4062 105 4131 iis
124 4068 311 4143 particulam,
334 4087 496 4140 eorumque
520 4067 678 4126 doctrinam
701 4070 790 4127 ctiam
810 4066 1108 4142 intellegentissumns

58 4152 170 4227 iudex,
193 4149 363 4226 Lucianus,
391 4154 620 4227 comprobasset,
644 4152 749 4224 quiin
768 4150 1005 4226 Pseudosopbista
1026 4148 1054 4217 5.
1077 4154 1107 4206 2.

58 4240 140 4296 iuter
162 4244 281 4315 apertos
302 4236 491 4296 soloecismos
513 4232 589 4295 bunc
610 4232 731 4299 adtulit:
766 4224 901 4320 Σονήσιο
926 4220 982 4307 bia,
1011 4221 1108 4317 εἴπερ
