2850 4842
458 411 731 489 Praefatio.
1070 444 1118 491 ‚x
1219 450 1222 454 -

74 629 122 705 ad
146 622 448 727 explicationem
464 642 555 692 usus
577 616 786 716 particulae
813 614 878 703 dv,
907 645 1023 716 quem
1050 646 1120 721 ega

73 749 138 825 illo
161 749 253 821 loeo
281 765 404 815 unum
427 735 608 837 spectavi.
664 736 898 810 Indioativns
920 740 1024 812 enim
1049 740 1121 812 ef-

76 866 259 941 fectum
295 858 497 959 siguificat,
540 853 800 929 coniunctivns
833 857 1120 951 eonsilium,

74 1007 199 1081 neque
226 980 274 1053 hi
305 975 412 1051 modi
443 1000 515 1075 per
548 996 590 1047 se
619 972 828 1069 quidquam
853 976 904 1046 ad
930 966 975 1045 civ
1000 977 1122 1075 parti.

77 1103 199 1177 culam
224 1097 434 1203 pertinent.
477 1091 576 1187 Illud
598 1097 729 1197 autem
755 1116 832 1164 non
848 1100 954 1165 recte
974 1095 1121 1168 existu-

76 1220 194 1295 mavit
218 1218 285 1292 vir
312 1212 580 1304 doctissumus,
607 1210 713 1305 quod
737 1210 887 1306 putavit
910 1236 975 1285 me
994 1216 1119 1305 aliter,
1167 1234 1170 1240 ’

77 1346 187 1435 atque
212 1336 261 1411 G.
280 1336 527 1408 lim-mannus
552 1327 718 1422 fecisset,
746 1330 940 1426 explicare
953 1332 1120 1404 voluisse

75 1458 171 1532 huno
207 1455 352 1530 iocum.
411 1450 510 1525 Nam
548 1448 652 1545 quod
691 1472 761 1547 ego
795 1448 956 1521 docendi
990 1474 1121 1523 caussa

78 1574 251 1649 distinxi:
292 1566 341 1658 ὡς
367 1566 470 1663 μόλις
495 1562 614 1651 αὐτά,
647 1561 708 1637 καὶ
741 1570 807 1653 ἐγω
833 1558 878 1637 ἂν
903 1564 1031 1654 αὐτός,
1067 1565 1121 1639 si·-

78 1694 217 1793 piano,
243 1691 288 1765 id
324 1712 402 1761 non
435 1684 510 1759 feei
533 1684 606 1757 nisi
630 1684 797 1758 docendi
819 1701 962 1777 caussa,
989 1695 1032 1757 nt
1055 1687 1121 1759 ilia

78 1814 158 1915 ipsa
179 1805 399 1885 idel-manni
419 1804 517 1879 ratio
542 1802 662 1903 magis
684 1812 869 1877 exstaret.
911 1804 999 1901 Ipse
1017 1805 1120 1876 enim

16 2024 22 2031 ι
79 1934 112 2007 si
148 1923 422 2026 Xenophontis
465 1921 651 2019 seriptum
680 1922 876 2014 ederem,
908 1924 1120 1997 soi-iberam

80 2048 313 2125 ooniunctim
349 2040 498 2117 omnia:
534 2036 580 2127 ὡς
610 2037 713 2133 μόλις
734 2032 845 2111 ἀὐτὰ
881 2036 942 2110 καὶ
974 2033 1040 2128 ἐγὼ
1075 2033 1121 2111 ἂν

83 2160 191 2257 αὐτὸς
215 2163 384 2265 cimino,
411 2167 525 2259 atque
553 2158 649 2232 adeo
676 2158 750 2231 hoo
775 2158 902 2253 ipsum
929 2158 1120 2230 declaravi

83 2314 119 2386 p.
152 2286 258 2378 139,
297 2282 465 2357 Graecos
495 2278 590 2351 haee
622 2278 732 2374 quasi
753 2299 870 2347 unam
895 2276 1121 2347 emmtiatio-

81 2428 169 2481 nem
200 2400 483 2503 pronuntiasse,
525 2396 640 2471 etiam
677 2396 710 2468 si
740 2394 824 2491 ipsa
853 2394 1038 2493 particula
1074 2386 1119 2463 dn

83 2526 276 2614 elamoret,
304 2516 461 2617 proprie
483 2516 578 2589 duas
601 2512 718 2586 fnisse
744 2513 814 2587 has
830 2512 1117 2585 enuntiationes.

176 2642 220 2717 P.
259 2641 343 2712 128.
387 2636 454 2711 vix
495 2659 591 2731 opus
632 2640 714 2707 enat
747 2620 771 2705 a
800 2656 865 2705 me
899 2632 1120 2705 testimonia

83 2762 175 2860 poni
210 2761 258 2833 de
296 2756 414 2831 verbo
445 2752 656 2850 composito
690 2736 909 2851 epaonense.
966 2752 1121 2823 Habent

83 2880 185 2954 enim
208 2876 355 2975 saepius
381 2874 454 2947 hoo
479 2872 643 2946 verbum
668 2871 787 2949 etiam
811 2870 956 2941 solutae
975 2869 1121 2941 oratio-

81 2998 152 3072 nis·
180 2998 370 3088 suctores,
414 2990 533 3065 veluti
571 2988 791 3085 Xenophon
833 2990 882 3058 de
921 2985 1120 3060 uenatione
1205 3034 1208 3039 -

81 3140 162 3215 esp.
188 3114 275 3191 Vll.
311 3112 338 3211 d.
369 3113 431 3184 11.
468 3116 507 3183 et
530 3109 569 3180 in
601 3104 761 3180 in‘otoria
789 3105 941 3178 Graeca
973 3106 1038 3175 lib.
1066 3104 1118 3175 11.
1193 3143 1195 3146 -

79 3262 159 3335 cap.
187 3233 228 3309 4.
258 3234 292 3332 §.
319 3236 357 3305 7.
393 3228 563 3326 itemque
588 3226 628 3298 in
654 3222 920 3319 Xenophontis
945 3220 1120 3317 Expuli-

78 3353 172 3429 tioue
201 3350 294 3450 Cyri
326 3349 392 3423 lib.
418 3349 481 3421 IV.
522 3370 605 3441 cap.
636 3342 673 3416 e.
711 3344 746 3439 §.
778 3345 814 3412 1.
850 3339 926 3413 hoo
957 3340 1120 3412 verbnm
1208 3324 1211 3334 ¹

77 3498 124 3546 ex
148 3470 319 3571 optumis
343 3467 453 3543 libris
479 3463 741 3542 revocandum
762 3457 859 3531 mihi
884 3458 1048 3532 videtur.

170 3592 237 3665 ad
269 3616 309 3686 p.
340 3586 429 3661 132.
470 3584 690 3659 adnotatum
724 3579 853 3651 habeo
884 3602 907 3649 a
938 3576 1119 3672 ‹piopiam

74 3736 142 3807 pro
162 3708 204 3781 τί
225 3699 294 3805 γὰρ
320 3697 366 3778 ἂν
392 3704 604 3779 coniectum
629 3723 732 3774 esse:
759 3697 801 3768 τί
820 3688 889 3794 γὰρ
914 3682 986 3765 oti.
1038 3696 1120 3763 1100

76 3827 184 3927 igitur
223 3834 291 3901 aut
322 3822 438 3897 etiam
472 3822 536 3913 id,
572 3820 677 3921 quod
717 3842 787 3917 ego
815 3813 960 3888 eouieoi
988 3811 1029 3881 τί
1051 3803 1119 3906 γὰρ

77 3936 141 4031 αὖ,
166 3944 436 4046 reponendum
463 3940 538 4013 erit
562 3937 698 4011 inillis
725 3935 864 4009 verbis.

172 4065 287 4160 Quod
309 4085 380 4162 ego
406 4088 446 4169 p.
474 4060 562 4131 203.
588 4055 924 4155 pronuntiaveram
949 4052 990 4122 iu
1006 4049 1116 4121 Thu-

78 4184 221 4281 eydidis
253 4182 323 4257 lib.
358 4176 443 4253 Vll.
475 4202 555 4275 cap.
588 4174 653 4247 24.
696 4168 938 4243 scribendum
971 4168 1115 4242 vidoni:

904 4283 948 4322 *ti
