2850 4842
639 474 698 547 dv.
1129 486 1192 552 109

139 638 211 713 dr·
235 638 276 712 oi}
296 642 364 735 μὴν
384 647 431 733 τῷ
451 638 593 790 yprifflco
614 638 637 733 ἢ
658 640 805 735 γράψω
827 646 894 715 ert.
918 658 948 711 at
966 673 1042 729 qnno
1062 651 1190 717 &Her

138 754 270 793 mannus
299 737 342 791 De
366 736 511 809 portione
534 755 575 795 αν
596 733 649 791 lib.
670 732 697 792 l.
720 754 784 809 cap.
808 740 837 795 6.
864 739 892 809 §-
915 741 955 797 16
975 758 1040 813 sqq.
1062 737 1099 797 ad
1118 736 1190 800 laec

139 818 315 892 disputarit.
357 814 451 876 Recte
474 815 590 895 videtur
613 816 650 875 de
669 820 818 891 praesenti
841 819 958 894 quidem
981 830 1109 896 ternpore
1127 821 1190 882 De·

139 904 243 961 verius
265 907 380 959 veteres
400 906 532 982 auctores
549 908 666 959 secutns
684 920 757 960 esse.
799 900 989 963 Recentiores
1006 904 1071 963 fere
1091 925 1189 979 gram-

141 986 242 1043 matici
270 990 322 1041 ant
350 983 554 1043 dubitaverunt
585 982 621 1043 de
646 982 703 1042 lsoo
723 1005 778 1043 usu
802 995 853 1044 aut
878 988 965 1045 etiem
988 986 1187 1048 adfirmarent.

144 1066 336 1146 Quemquam
356 1086 454 1141 neque
474 1066 579 1126 idonea
601 1078 773 1142 argumenta
792 1068 970 1145 adtulerunt,
994 1092 1046 1129 our
1064 1073 1108 1132 aic
1128 1071 1187 1131 dici

141 1171 230 1226 posse
256 1150 419 1224 videretur,
446 1170 544 1223 neque
573 1151 617 1209 eis
641 1153 814 1211 testimoniis
841 1172 905 1211 rem
930 1153 1187 1231 confirmaverunt,

144 1254 222 1309 quse
243 1255 298 1308 pro
319 1235 441 1309 integris
461 1232 565 1292 haberi
582 1242 713 1309 possent.
755 1232 915 1309 (innuptos
933 1238 1012 1295 enim
1028 1238 1186 1313 plerosque

143 1318 222 1379 locos
241 1316 434 1376 adhibuerunt
455 1324 505 1375 aut
524 1337 585 1393 eos,
606 1320 660 1391 qui
681 1322 816 1395 quamue
837 1321 945 1395 integri
965 1338 1031 1381 esse
1052 1321 1186 1381 rideren-

144 1410 203 1479 tur,
225 1400 283 1459 leuc
303 1421 364 1459 uon
384 1402 578 1475 pertinerent.
773 1454 779 1462 .

223 1482 316 1544 Ratio
345 1494 460 1560 eutem,
492 1504 581 1557 quem
607 1484 645 1543 ob
678 1504 742 1543 rem
770 1485 908 1559 coniungi
938 1504 1004 1543 cnm
1027 1483 1185 1547 indicativo

142 1570 306 1644 praesentis
332 1569 425 1643 possit
449 1567 594 1642 particula
622 1555 680 1638 do,
709 1567 782 1627 nrihi
802 1588 863 1626 nou
884 1567 999 1627 videtur
1018 1568 1101 1628 reddi
1124 1571 1186 1629 ulle

141 1672 239 1727 posse.
284 1650 363 1711 Nam
383 1670 473 1727 qnom
501 1651 553 1710 ille
583 1650 686 1709 modus
712 1649 768 1710 hoo
798 1651 922 1727 diceret,
949 1651 1061 1725 aliquid
1080 1672 1185 1715 reema

142 1756 225 1810 esee,
252 1756 307 1809 per
327 1725 367 1796 liv
384 1734 553 1809 perticulam
573 1742 668 1793 eutem
687 1734 904 1810 signifioeretnr
921 1732 1011 1809 illud,
1038 1757 1097 1809 qno
1117 1756 1184 1811 par·
1216 1755 1219 1763 ·

142 1820 231 1877 ticula
252 1820 422 1894 pertineret,
444 1838 548 1878 revera
568 1839 629 1876 uon
649 1836 725 1893 esse,
749 1818 801 1879 sed
822 1837 886 1877 esse
908 1826 1029 1892 tantum,
1050 1816 1077 1879 si
1097 1828 1185 1896 esset,

42 1922 51 1927 ·
141 1902 213 1961 milri
233 1902 371 1962 videntur
390 1899 464 1960 haec
484 1909 543 1969 tam
564 1901 679 1961 diversa
693 1904 832 1979 coniungi
846 1922 907 1959 non
921 1904 1059 1977 potuisse.
1093 1901 1183 1980 Quod
1294 1932 1299 1938 ·

141 1988 221 2045 esim
249 2003 314 2046 esse
339 1986 460 2059 dicitnr,
489 2006 546 2043 nne
566 2006 626 2044 non
645 1989 755 2059 poterit
774 1985 831 2045 dici
852 1974 911 2043 non
936 2004 1009 2045 esse.
1052 1983 1088 2045 ld
1108 1985 1182 2047 adeo

140 2090 244 2129 reram
268 2078 328 2144 est,
357 2076 389 2127 ut
415 2068 497 2127 nullo
520 2069 608 2127 modo
628 2068 761 2129 videatur
781 2072 813 2128 in
834 2068 1075 2143 disceptationem
1093 2086 1182 2145 posse

140 2155 249 2213 vocari.
290 2152 392 2235 Quare
414 2154 537 2212 verbum
555 2173 617 2210 non
637 2151 742 2210 addam
763 2151 900 2226 amplius.
1070 2216 1077 2225 ,

226 2234 299 2295 Loci
320 2246 428 2312 autem,
449 2258 533 2312 quos,
554 2243 586 2294 nt
608 2233 683 2294 hanc
704 2254 759 2309 per
780 2252 811 2293 se
832 2254 894 2291 nou
908 2231 1061 2292 admodum
1075 2236 1181 2308 proba-

140 2320 228 2381 bilem
249 2320 409 2379 doctrinam
427 2319 590 2395 firmarent,
610 2317 778 2377 adtulerunt
796 2318 987 2394 gremmatioi,
1011 2325 1060 2376 ant
1080 2326 1181 2393 aperta

85 2397 91 2418 ¹
138 2404 209 2463 falsi
237 2411 287 2463 aut
315 2405 397 2463 dubii
426 2411 503 2462 sunt.
544 2401 592 2462 Ac
619 2402 780 2478 permultos
808 2400 895 2461 hrains
918 2399 998 2459 modi
1018 2400 1097 2459 locos
1120 2404 1181 2461 ianr

137 2490 203 2563 ipse
223 2485 263 2546 G.
283 2486 483 2561 Hermnnuns,
504 2489 556 2561 qui
577 2486 696 2561 quidem
713 2485 750 2545 de
774 2486 847 2561 ipso'
863 2506 917 2544 usu
938 2504 999 2543 non
1019 2484 1181 2560 praefracte

139 2573 278 2647 negarit,
298 2572 426 2645 sustulit,
447 2573 548 2645 itaque
571 2569 607 2630 de
626 2567 750 2631 Homeri
769 2570 851 2645 locis,
874 2571 926 2645 qui
948 2566 1005 2627 huo
1026 2576 1109 2641 eraut
1126 2590 1179 2629 ro·
1228 2599 1232 2607 »

138 2658 209 2730 eati,
229 2654 398 2729 disputerit,
419 2662 509 2713 utne
531 2653 578 2712 iris
599 2654 718 2729 quidem
738 2656 892 2728 qnisquam
916 2654 958 2711 nti
978 2672 1065 2727 posse
1083 2651 1181 2713 videe-

139 2750 210 2812 tur,
233 2748 267 2795 ut
286 2738 444 2812 particulae
465 2729 505 2801 dv
525 2737 714 2797 indicativum
738 2736 1057 2812 praesentis-vindicet.
1100 2733 1180 2797 Gon·

140 2823 295 2896 feruutur,
319 2842 391 2897 quae
413 2823 460 2881 vir
479 2825 617 2897 egregius
637 2822 794 2896 disputavit
814 2821 835 2879 l.
856 2842 881 2879 c.
900 2841 930 2894 p.
950 2824 991 2877 39
1012 2840 1076 2896 sqq.
1117 2818 1180 2880 Sed

136 2914 295 2981 postquam
326 2904 363 2965 de
390 2906 463 2965 locis
490 2902 659 2964 Homericis
693 2903 848 2979 denegavit
881 2900 1088 2978 Hennanuns,
1119 2905 1179 2963 iam

137 2988 283 3065 quadum
307 2990 444 3064 exempla
464 2988 587 3062 adtulit,
615 2989 648 3045 in
667 2986 772 3060 quibus
794 2989 822 3045 ei
842 2988 884 3044 ita
905 2985 962 3045 dici
982 2988 1114 3059 potuisse
1133 2989 1180 3047 ri-

137 3073 277 3148 deretur,
320 3081 353 3132 nt
383 3066 525 3148 porticula
558 3061 600 3133 da
629 3090 694 3129 oum
724 3068 879 3128 indicativo
910 3070 1072 3144 praesentis
1101 3088 1180 3129 oom-

136 3167 307 3231 poneretnr.
1149 3222 1150 3225 Ἴ

14 3277 15 3302 r
222 3239 322 3320 Quem
349 3239 477 3314 primam
502 3236 635 3313 adposuit
654 3235 750 3296 locum
770 3229 981 3306 Aristophanis
1003 3251 1043 3291 ex
1066 3233 1180 3293 dcirca·-

136 3324 269 3384 sseasidns
291 3345 321 3385 r.
344 3327 416 3383 87³.
439 3320 485 3382 ed.
507 3321 612 3399 Dina,
631 3322 674 3381 ibi
694 3316 899 3393 Dicaeopolidi
920 3315 1042 3376 dioeufi:

393 3457 431 3521 'n
443 3473 536 3540 χαῖρε,
546 3458 740 3538 ’κολλικοφάγε
756 3462 931 3531 Βοιωτίδιον,

403 3540 433 3591 τί
448 3541 557 3610 φέρεις
868 3540 878 3556 “

138 3654 265 3718 Boeotus
282 3654 389 3735 reddit,
408 3668 441 3719 nt
460 3657 559 3721 Aldus
580 3654 688 3717 edidits

483 3783 523 3842 δι’
540 3784 592 3841 ἔστ’
612 3781 648 3840 ἂν
663 3778 758 3856 &adri
775 3786 909 3843 Βοιωτοῖς
924 3778 1026 3845 ἁπλοῖς,

293 3853 437 3927 ὀρίγανον,
453 3853 559 3927 γλαχὼ,
577 3850 696 3925 ψιάθως,
716 3854 887 3927 θρυαλλίδας
903 3848 958 3906 aad.

138 3990 181 4054 At
211 4014 310 4069 neque
340 3992 473 4055 defendit
496 3991 570 4056 Aldi
599 3994 775 4068 scriptorem
795 3990 937 4050 librorum
960 3988 1116 4048 auctoritas
1139 4021 1176 4035 -

139 4098 177 4138 ex
198 4089 319 4153 optumo
339 4080 421 4137 enim
438 4078 515 4137 libro
528 4075 700 4138 Rauennate
714 4076 836 4149 alioque
846 4071 984 4132 Parisino
996 4070 1072 4148 Reg.
1085 4076 1178 4132 2712.

139 4170 288 4221 euotetnm
316 4173 360 4221 est
389 4157 478 4225 ἐστὶν
504 4182 557 4237 pro
585 4158 659 4220 Aldi
688 4148 753 4222 ἔστ’
777 4150 818 4219 dv
846 4190 884 4201 -
914 4175 1013 4229 noque
1041 4160 1074 4216 nt
1101 4162 1180 4219 totus

137 4252 322 4322 comparatus
343 4256 384 4306 est
404 4243 501 4320 locus,
531 4241 700 4303 ullomodo
721 4241 781 4301 fert
802 4240 956 4301 sententia.
997 4236 1076 4299 Nam
1102 4238 1181 4316 quod

140 4326 427 4407 Remoramne
446 4327 552 4391 soluite
582 4331 655 4388 Wos
674 4346 705 4386 ss
723 4334 796 4387 deno
819 4327 906 4385 noos
926 4327 958 4385 iss
975 4328 1095 4387 Bo'otien
1110 4322 1179 4401 pros,
