2850 4842
608 462 706 559 άρα.

127 635 281 717 ἀκούσας
297 629 445 725 impos
460 630 625 703 ἐπαίσατο
638 631 661 701 ἆ
683 661 706 703 α
720 636 779 705 τὸν
790 637 898 729 μηρὸν
913 632 970 709 καὶ
983 637 1087 723 εὐθὺς
1101 640 1179 714 ἂνα-

126 718 292 810 anticos
313 718 372 788 ἐπὶ
392 718 450 786 τὸν
469 717 593 799 ἵππον,
614 660 727 802 λαβὼν
744 720 873 803 χιλίους
895 720 1022 805 ἱππέας
1041 724 1179 813 ἤλαυνεν

127 805 190 875 ἐπὶ
216 804 256 871 τὸ
280 805 423 881 πάθος,
454 809 562 866 mirum
581 813 627 865 est
649 805 781 892 (iprum,
806 818 962 886 postquam
982 821 1104 873 mortem
1124 815 1178 877 luo·
1246 858 1253 865 -

125 896 221 954 minis
238 892 397 958 familiaris
419 890 545 968 audivit,
559 888 664 950 lemur
683 894 876 971 percussisse,
899 916 957 971 quo
978 898 1089 956 luctum
1107 921 1178 974 pro·

127 978 231 1054 deret,
261 976 312 1035 sed
340 976 428 1035 rebus
457 978 499 1034 ita
529 979 702 1051 comparatis
726 998 846 1052 prorsas
869 988 1113 1057 consentaneum,
1145 990 1178 1043 ut

127 1066 220 1123 etiam
244 1058 303 1119 lsoc
324 1059 389 1132 loco
418 1051 485 1143 ἄρα
511 1059 576 1120 fere
597 1066 685 1135 igitur
711 1062 865 1139 significet¹
914 1060 965 1123 Sic
992 1068 1024 1123 in
1051 1066 1176 1141 relidnis

128 1165 249 1221 quoqne
272 1144 344 1221 locis
370 1142 471 1204 eadem
494 1144 669 1219 significatio
690 1154 733 1204 est
753 1132 910 1221 pdrticulae
932 1140 1006 1232 ἄρα.
1047 1147 1084 1207 ln
1103 1148 1175 1210 Ari·

129 1228 285 1304 stophanis
308 1236 405 1286 antem
425 1232 607 1305 laudunice
629 1250 657 1288 r.
681 1235 742 1289 812
765 1252 840 1307 sqq,
861 1233 916 1290 etsi
939 1234 1035 1292 etiam'
1048 1234 1091 1291 ibi
1109 1226 1176 1317 ἄρα

130 1312 281 1372 reddenda
301 1318 380 1374 esset
399 1332 455 1388 per
475 1316 573 1389 tydeo,
595 1321 692 1372 tamen
712 1320 791 1375 recte
811 1334 907 1391 nuper
927 1335 967 1375 ex
987 1316 1070 1394 libris
1090 1336 1175 1393 repo·

132 1400 220 1457 situm
242 1405 304 1458 est:
703 1421 705 1428 ·

359 1480 446 1576 ρῧιος
465 1490 548 1547 curui
572 1496 669 1563 Τίμων

357 1559 440 1631 ῳχεθ’
458 1558 514 1615 ὑπὸ
530 1568 632 1630 μίσους

357 1627 447 1683 πολλὰ
464 1626 655 1703 καταράμενος
671 1624 790 1701 ἀνδράσι
805 1634 954 1704 πονηροῖς,

132 1756 189 1811 qno
210 1735 305 1807 magis
330 1742 468 1810 appareat
489 1735 743 1800 ratiocinationem
764 1736 815 1796 isti
838 1736 901 1795 loco
923 1737 994 1797 satis
1016 1753 1174 1797 accommo-

129 1821 228 1879 datam
248 1837 323 1877 esse.

214 1900 306 1983 Quod
337 1903 363 1962 si
388 1897 572 1977 Hartnngins
599 1922 661 1961 non
687 1900 914 1977 praeindicatam
940 1904 1109 1979 opinionem
1138 1905 1175 1964 ad

127 1985 183 2046 loos
211 1988 294 2046 locos
324 1986 493 2062 adtulisset,
521 1987 585 2061 ipse
613 2006 731 2061 quoqne
757 1988 821 2046 sinc
845 1986 933 2046 dnbio
953 2007 1004 2048 eos
1026 1998 1104 2048 recte
1127 1990 1174 2048 in-

129 2071 305 2131 tellexisset.
352 2068 414 2131 Sed
439 2072 492 2129 ille
521 2090 610 2145 quom
638 2069 795 2130 discrimen
825 2080 951 2130 statuere
977 2072 1068 2132 vellet
1095 2075 1175 2133 iuter

128 2154 184 2215 has
206 2155 362 2228 particulas
384 2162 414 2213 et
435 2162 586 2214 externam
604 2156 700 2228 potins
723 2155 861 2233 orationis
880 2155 1005 2213 formam
1026 2177 1114 2229 qnam
1126 2159 1174 2215 iu-

129 2240 242 2297 tumam
266 2242 328 2298 rim
351 2242 434 2299 racia
454 2233 530 2321 ’ἄρα
556 2238 768 2313 consideraret,
798 2236 911 2311 aliquid
929 2241 1074 2313 praecepit
1095 2238 1174 2313 quod

130 2321 221 2397 plane
239 2322 346 2383 falsum
367 2330 452 2383 esset.
493 2321 564 2383 Non
585 2330 630 2383 est
645 2329 742 2381 antem
756 2318 885 2396 difficile,
905 2322 1040 2396 quemad
1056 2322 1174 2381 modum

117 2406 268 2477 *diffamat
297 2410 375 2466 inter
403 2427 435 2465 se
463 2399 528 2490 ἄρα
557 2413 587 2465 et
612 2394 669 2469 οὖν
694 2410 725 2464 et
749 2398 801 2467 διὸ
824 2411 853 2464 et
876 2414 1039 2479 quaesunt
1062 2407 1173 2467 similes

198 2491 306 2565 ’eulae,
337 2490 449 2550 docere.
496 2478 563 2551 Οὖν
587 2492 683 2565 enim,
710 2486 790 2564 quod
818 2490 884 2549 siue
907 2489 994 2549 dnbio
1022 2490 1094 2549 clim
1114 2491 1174 2549 l'uit

148 2595 195 2645 ον,
219 2575 344 2634 estsere
366 2572 506 2633 Latinum
529 2574 603 2649 ‹pcod
625 2593 709 2651 qosom
730 2576 774 2631 itu
796 2576 843 2643 sit,
867 2575 977 2649 itaque,
997 2580 1031 2631 ut
1054 2573 1119 2651 hoc,
1140 2575 1174 2637 in

127 2660 245 2732 aptiore
274 2659 473 2732 conclusione,
503 2657 598 2732 qualis
618 2653 859 2732 philosophorum
881 2678 944 2717 esse
966 2658 1060 2733 solet,
1089 2676 1173 2717 usur-
1212 2730 1220 2741 β

128 2748 236 2815 patnr,
264 2737 315 2803 διὸ
337 2753 379 2801 est
402 2760 487 2821 φιοαι
512 2741 545 2800 od
568 2760 641 2811 reru,
666 2748 699 2799 ut
723 2741 811 2799 etiam
834 2739 890 2800 hoc
911 2743 1007 2816 aptius
1031 2740 1103 2800 duas
1124 2762 1172 2801 res
1209 2776 1211 2785 ·

130 2825 300 2898 coniungat.
349 2824 494 2885 Perticnlu
524 2843 595 2883 sero
624 2816 691 2907 ἄρα
719 2845 782 2882 nou
811 2830 870 2883 tam
891 2833 964 2899 ¹apte
993 2825 1173 2902 conglutinat

127 2906 205 2966 duas
236 2926 301 2983 res,
330 2907 380 2968 sed
404 2910 517 2968 leviore
539 2905 665 2982 quodam
687 2906 773 2963 modo
799 2910 950 2983 coniungit
974 2910 1173 2969 antecedentia

124 3000 161 3051 et
181 2994 345 3067 sequentia,
365 2994 416 3053 ubi
434 2987 540 3050 Latini
560 2992 624 3049 iere
642 2985 856 3063 iterationes,
879 2999 928 3049 aut
949 2992 1122 3065 quibusdam
1138 2995 1174 3051 in

126 3076 203 3134 locis
233 3078 337 3135 etiam:
376 3096 448 3154 qaae
472 3094 557 3153 ακοοι
580 3078 623 3131 itu
640 3076 717 3142 οἱοῦ,
750 3078 799 3128 aut
824 3072 906 3131 relus
926 3078 969 3132 ito
989 3080 1171 3151 compmctis.

127 3156 206 3219 (inm
232 3162 324 3235 igitur
351 3151 417 3242 ἄρα
443 3180 503 3218 non
531 3166 592 3215 tam
612 3164 681 3230 apte
702 3152 871 3229 concludat,
897 3158 931 3214 in
951 3156 1091 3215 familiari
1112 3172 1173 3215 ser-

125 3264 226 3318 mone,
247 3246 279 3302 in
298 3244 435 3321 dialogis,
451 3247 483 3302 in
502 3243 641 3301 liberiore
660 3238 798 3298 narrandi
815 3258 922 3313 genere
943 3259 1032 3314 saepe
1050 3260 1185 3299 numere-

126 3335 303 3403 usurpatur,
332 3329 424 3386 multo
455 3329 550 3386 rarius
572 3325 721 3384 invenitur
743 3324 775 3381 in
797 3325 1018 3382 accuratioribus
1042 3323 1172 3400 philoso-

125 3407 254 3486 phorum
284 3411 526 3470 conclusionibus·
575 3405 625 3468 sic
650 3408 761 3471 tactum
789 3412 845 3477 est,
872 3414 906 3465 nt
928 3408 1057 3484 exempli
1078 3403 1173 3485 gratia

125 3490 304 3555 Aristoteles
325 3515 414 3569 quom
430 3496 462 3553 in
474 3496 658 3554 Politlcosttoc
672 3492 750 3549 libro
766 3492 862 3566 primo
879 3494 1059 3567 saepissume
1076 3487 1130 3555 διὸ
1141 3498 1174 3551 et
1190 3538 1192 3547 .

126 3566 189 3641 οὖν
207 3579 363 3653 particulas
384 3580 539 3654 posuisset,
559 3578 593 3635 in
614 3595 650 3634 eo
670 3574 747 3633 libro
767 3594 827 3633 non
849 3574 999 3636 adhiberet
1023 3572 1089 3659 ἄρα
1104 3596 1172 3650 par-

126 3661 256 3739 ticulam,
278 3684 368 3739 αιιοιιι
386 3665 420 3722 in
442 3664 532 3722 altero
553 3659 668 3719 demum
688 3658 766 3717 libro
783 3676 845 3734 cap.
862 3662 893 3721 4.
914 3664 941 3731 §.
960 3663 991 3721 9.
1012 3659 1176 3734 usurpavit,
1198 3726 1205 3733 ,

126 3753 160 3804 et
189 3748 234 3806 ibi
263 3768 325 3805 non
354 3749 431 3807 sine*
452 3748 553 3822 eliqua
582 3746 696 3819 monia,
723 3744 775 3804 nbi
801 3743 884 3803 molli
910 3741 1029 3819 quidem
1053 3740 1177 3801 brechio·

114 3830 189 3911 ‚volt
213 3827 368 3890 Platonem
391 3832 562 3907 obiurgare,
594 3827 672 3903 qnod
695 3827 732 3887 de
752 3849 785 3888 re
805 3829 927 3889 militari
949 3846 1009 3887 nea
1031 3833 1108 3886 essct
1128 3825 1175 3884 lo·

126 3922 212 3974 antus
241 3917 276 3973 in
305 3934 338 3974 to
366 3917 489 3992 publico.
539 3912 629 3972 Ponit
655 3914 746 3987 igitur
775 3911 863 3973 laneca
891 3905 959 3976 Ἔτι
986 3906 1029 3973 τὰ
1060 3903 1173 3973 πολλὰ

125 3990 286 4077 βούλεται
307 3992 564 4076 κατασκευάζειν
583 3992 621 4071 ἐξ
640 3982 686 4058 ὧν
707 3990 749 4058 τὰ
769 3992 857 4080 πρὸς
879 3988 1000 4069 αὖτοὺς
1018 3985 1174 4056 πολιτεύ-

127 4097 247 4144 σονται
274 4080 403 4159 καλῶς,
435 4081 487 4146 δεῖ
516 4078 552 4146 δὲ
578 4074 636 4141 καὶ
663 4072 751 4161 πρὸς
775 4074 853 4154 τοὺς
881 4076 1089 4159 γειτνιῶντας
1118 4070 1176 4138 καὶ

127 4158 206 4241 τοὺς
238 4158 366 4241 ἔξωθεν
397 4159 536 4240 πάντας.
586 4154 784 4239 Ἀναγκαῖον
816 4154 882 4245 ἄρα
913 4155 971 4244 τὴν
1003 4152 1175 4222 πολιτείαν

127 4244 351 4355 αυντετάὲθαι
372 4244 459 4335 πρὸς
479 4244 539 4333 τὴν
559 4241 745 4326 πολεμικὴν
766 4234 866 4325 ἰσχύν,
888 4239 969 4331 περὶ
989 4226 1030 4326 ἧς
1052 4238 1177 4318 ἐκεῖνος

127 4321 227 4397 οὐδὲν
248 4354 392 4417 espanes.
1023 4333 1029 4351 ⁸
