2850 4842
552 481 647 575 νᾶο·
1055 488 1122 561 aas

65 656 104 715 de
125 674 159 716 re
179 654 294 733 publico
318 650 372 713 lib.
392 646 437 714 V.
465 650 544 717 Part.
572 654 627 715 [Π.
654 656 716 718 vol.
743 655 768 715 Ι.
794 680 826 733 p.
852 664 925 719 216.
954 658 1000 719 ed.
1019 654 1121 720 Bekk.

66 762 99 814 p.
122 742 201 797 451.
223 736 264 797 A.
288 736 335 796 ed.
357 734 399 798 Η.
421 735 526 813 Steph.
559 738 744 821 Προσκυνῶ
771 738 809 804 δὲ
829 732 1064 828 Ἀδράστειαν,
1093 730 1121 804 ὦ

68 814 245 893 ΙἌαδκιον,
265 814 362 919 χιξριν
377 807 417 883 οὗ
430 819 540 900 μέλλω
553 818 675 903 λέγειν·
696 818 821 901 ἐλπίζω
835 817 899 909 γάρ
915 816 973 888 οὖν
986 819 1123 888 ἔλαττον

70 899 260 986 ἁμάρτημα
289 898 454 979 ἀκουσίως
480 898 569 979 τινὸς
595 902 701 988 φονέα
722 903 879 985 γενέσθαι
899 898 920 990 ἢ
942 900 1122 972 ἀπατεῶνα

70 986 186 1049 καλῶν
214 1008 251 1048 τε
279 983 334 1049 καὶ
362 979 500 1067 ἀναδῶν
527 984 584 1049 καὶ
610 983 748 1052 δικαίων
775 985 831 1052 καὶ
850 984 997 1069 νομίμων
1017 988 1122 1076 πέρι,

71 1090 132 1145 qno
166 1074 197 1129 in
228 1069 293 1129 loco
323 1086 411 1144 quom
440 1070 493 1130 illa
514 1070 694 1147 adfirmatio,
726 1091 814 1146 quern
835 1076 962 1132 continet
982 1076 1122 1149 particula

71 1148 150 1235 γάρ,
170 1153 297 1212 infertur
318 1155 524 1229 explicationis
547 1176 656 1229 caussa,
682 1155 769 1231 istud,
786 1157 863 1230 qnod
881 1156 1046 1217 adiunctum
1067 1168 1122 1235 est,

73 1226 134 1299 οὖν
161 1258 225 1295 rem
251 1238 341 1296 relert
361 1240 454 1315 magis
476 1238 513 1297 ad
538 1248 721 1313 praesentem
739 1259 838 1297 rerum
857 1247 978 1315 statum,
1007 1244 1040 1300 in
1064 1263 1123 1317 qno

72 1318 133 1378 hoc
157 1322 215 1379 iam
237 1324 278 1379 ita
303 1320 507 1395 explicandum
529 1342 595 1382 esse
619 1321 760 1381 videatur.
803 1320 855 1382 Sic
876 1326 907 1381 in
928 1326 1063 1383 omnibns
1084 1326 1122 1385 iis

72 1402 160 1477 locis,
186 1406 238 1463 nbi
261 1407 380 1479 ponitur
400 1405 542 1479 particula
561 1398 642 1487 γάρ,
663 1408 690 1464 si
710 1426 758 1464 res
779 1426 919 1481 praesens
940 1411 1034 1481 magis
1055 1428 1123 1466 eon·

73 1488 235 1546 sideranda
254 1508 317 1547 esse
334 1486 483 1561 videatur,
502 1488 609 1563 adponi
629 1496 741 1564 potest,
762 1510 837 1565 qnae
861 1489 917 1549 hoc
936 1493 1033 1566 iubet,
1054 1511 1123 1565 par·

75 1571 165 1629 ticnla
184 1561 252 1634 οὖν.
296 1568 346 1629 Sic
360 1570 544 1646 adhibentur,
564 1584 595 1631 ut
607 1572 662 1632 hoc
676 1592 908 1649 commemorem,
926 1576 1015 1633 etiam
1027 1577 1060 1633 in
1075 1595 1123 1633 re·

74 1658 281 1729 sponsionibus
303 1654 422 1714 eaedem
444 1658 616 1739 particulae,
634 1657 726 1715 veluti
747 1659 781 1714 in
801 1676 837 1715 eo
857 1658 932 1732 loco,
955 1660 1123 1733 queminus

75 1742 174 1813 posuit
205 1738 420 1815 Hoogevsenns
452 1760 483 1814 p.
518 1746 588 1801 106.
621 1738 666 1799 ed.
696 1737 815 1797 Schdtz.
846 1738 1054 1817 Xenophontis
1086 1742 1124 1801 de

78 1826 238 1901 Disciplina
261 1824 326 1895 Gyri
356 1823 408 1881 lib.
432 1829 460 1880 1.
489 1843 551 1900 cap.
572 1829 600 1883 6.
629 1827 657 1895 §.
678 1829 730 1881 22.
758 1823 805 1881 ed.
827 1822 941 1902 zeon,
970 1827 1020 1884 nbi
1051 1824 1124 1885 haec

75 1904 237 1967 turbentur:
261 1902 319 1969 Λέ
338 1926 386 1980 εις
407 1898 456 1977 σύ,
481 1898 555 1989 ἔφη,
580 1895 607 1969 ὦ
628 1898 747 1987 πάτερ,
768 1898 818 1981 εἰς
837 1904 874 1971 τὸ
898 1904 1125 1988 πειθομένους

76 1982 162 2065 ἔχειν
184 1982 281 2055 οὐδὲν
293 1924 390 2089 ‚sivan
410 1980 655 2073 ἀνυσιμώτερον
673 1992 734 2090 foi
749 1983 999 2099 ιρρονριμιδτιρον
1013 1991 1124 2055 δοκεῖν

77 2068 164 2139 εἶναι
191 2073 257 2135 τῶν
283 2068 487 2157 αρχομὲνιυυς
518 2069 621 2153 Λέγω
646 2094 709 2154 γαρ
727 2094 798 2148 ουν,
820 2094 911 2155 epp,
942 2078 1055 2150 quain
1075 2096 1123 2133 re·

76 2160 238 2234 sponsione
268 2158 359 2217 multo
385 2158 478 2230 magis
505 2166 602 2227 exstat
622 2158 767 2219 conclusio
793 2158 865 2231 iste,
892 2178 981 2231 qnam
1004 2162 1032 2219 si
1053 2160 1125 2217 sim·

75 2244 192 2319 pliciter
225 2239 387 2300 diceretur:
423 2234 525 2319 Λὲγω
557 2234 630 2322 γάρ·
684 2238 749 2299 Nec
782 2238 867 2300 aliter
898 2262 946 2299 res
975 2261 1008 2301 se
1036 2240 1125 2299 habet

77 2327 188 2385 ibidem
213 2326 265 2385 lib.
287 2322 330 2384 V.
363 2344 426 2397 cap.
455 2322 485 2381 5.
512 2326 540 2395 §.
564 2328 612 2381 16.
648 2315 777 2387 Οὐκοῦν
805 2314 869 2400 ἐγὼ
896 2318 1060 2408 ἐπείσθην
1087 2342 1124 2386 τι

78 2410 185 2473 ταῦτα
212 2402 281 2473 ὑπὸ
312 2409 372 2472 σοῦ
401 2400 456 2467 καὶ
479 2397 722 2509 παρεγενόμην,
752 2398 874 2488 ἀνδρας
893 2397 981 2487 ἀγων
1002 2426 1057 2469 σοι
1079 2397 1124 2482 ὡς

76 2484 120 2557 riv
141 2486 279 2559 dorcada
299 2485 477 2561 πλείστους
498 2508 534 2551 τι
557 2486 612 2551 καὶ
634 2484 810 2572 οιρίστους;
837 2480 962 2564 'litua
977 2485 1040 2571 γὰρ
1055 2478 1122 2563 οὖν,

78 2538 158 2663 ἔφη.
201 2575 331 2636 Additur
356 2576 396 2632 ita
421 2573 561 2645 particula
584 2562 642 2636 οὖν
663 2577 751 2635 etism
770 2571 833 2655 γὰρ
857 2568 911 2649 per
933 2574 1123 2648 parenthesin

76 2665 231 2725 interiecto
250 2664 283 2720 in
302 2658 397 2719 media
414 2655 512 2729 aliqua
526 2660 734 2735 enuntiatione,
759 2662 802 2717 nti
815 2660 847 2717 in
860 2658 991 2717 Platonis
1007 2664 1123 2718 Τὶιιιαιο

76 2748 162 2808 Part.
184 2743 240 2805 ΙΙΙ.
269 2745 327 2803 vol.
351 2738 391 2801 ll.
418 2760 447 2815 p.
474 2746 524 2797 11.
553 2740 598 2801 ad.
628 2740 727 2803 Bekk.
752 2765 782 2817 p.
804 2750 856 2802 21.
884 2743 931 2803 ed.
953 2740 994 2801 Η.
1018 2740 1123 2817 Steph.

70 2823 117 2893 ‘O
141 2822 183 2972 ὄρ
203 2824 321 2909 γέρων,
341 2817 475 2975 σφόδρα
496 2818 559 2907 γὰρ
573 2813 640 2925 εοὖν
658 2822 841 2909 μέμνημαι,
862 2820 954 2904 μάλα
974 2846 1011 2889 τι
1028 2820 1123 2911 ἥσθη
1162 2900 1171 2909 .

185 2903 393 2987 ιαμιιδιάσας
414 2925 507 2969 επεν
529 2928 594 2969 νινε.

166 2990 221 3054 Sic
240 2992 390 3068 adponitur
403 2985 462 3058 οὖν
478 2992 565 3048 etiam
584 2989 621 3048 ad
635 2994 801 3050 coniunctas
817 2993 972 3065 particulas
983 2982 1070 3053 ἀλλά
1080 3022 1123 3039 --
1136 2980 1305 3069 'Antistii

78 3073 163 3166 γάρ,
189 3076 283 3138 veluti
304 3080 337 3137 in
359 3076 514 3155 Sophoclis
538 3076 644 3149 Oedi-po
667 3074 787 3133 Goloaeo
807 3093 837 3133 a.
856 3079 918 3132 969
937 3094 981 3148 sq.
1004 3073 1122 3133 dicitnr:
1194 3070 1254 3108 ⁰¹¹⁷·

261 3188 327 3243 'All
348 3189 378 3245 tr
395 3188 451 3265 γὰρ
469 3179 521 3245 οὖν
537 3188 638 3254 ἔξοιδα,
657 3185 688 3239 σὲ
705 3185 761 3256 μὲν
777 3180 865 3240 ἔνδυτ’
886 3185 936 3256 ipsi

262 3265 358 3328 κείνην
375 3278 403 3313 ιε
421 3262 505 3313 ταῦτα
523 3258 672 3325 δυσιομεῖν
688 3254 754 3321 aaa,

76 2906 141 2977 καὶ

78 3388 141 3445 qno
159 3369 192 3426 in
213 3366 277 3425 loco
299 3386 386 3440 quem
408 3364 444 3423 ad
465 3363 581 3425 modurn
604 3350 662 3425 οὖν
682 3357 882 3435 accipiendum
900 3359 948 3431 sit,
968 3354 1053 3415 facile
1075 3376 1127 3431 ap·

77 3460 172 3527 paret.
215 3448 346 3510 Revocat
369 3451 447 3507 enim
465 3448 506 3522 id,
529 3445 606 3523 quod
628 3444 741 3523 dicitnr,
763 3443 801 3503 ad
816 3464 883 3504 enm
901 3461 998 3503 rerum
1011 3448 1128 3516 statum,

78 3555 169 3611 quem
189 3536 250 3593 iam
271 3542 455 3608 praesentem
476 3529 645 3593 habeamus.

164 3615 230 3679 Nec
260 3626 356 3676 tamen
387 3618 478 3675 obstat
506 3614 682 3691 quidquam,
716 3612 891 3687 quominus
914 3609 950 3668 ad
971 3609 1128 3684 particulas

79 3700 144 3785 γὰρ
167 3692 242 3778 οὖν,
271 3704 297 3760 si
323 3702 460 3773 temporis
482 3700 645 3773 praesentis
667 3699 816 3755 notionem
833 3694 932 3754 efferri
956 3694 1018 3768 vis,
1040 3695 1127 3751 etiarn

78 3786 210 3859 adpones
230 3784 286 3847 νῦν
309 3781 497 3858 particulam,
527 3803 613 3857 quem
639 3780 811 3842 admodum
833 3779 936 3838 dicitnr
955 3779 988 3837 iu
1010 3774 1128 3841 Aristo·

78 3868 188 3943 phania
214 3872 314 3944 Vespis
336 3887 366 3926 v.
385 3869 447 3925 725
469 3886 513 3941 sq.

109 3970 153 4035 ἸΙ
165 4000 221 4034 που
241 3978 330 4050 σορὸς
346 3969 380 4046 ἦν
398 3976 471 4039 ὅστις
487 3980 619 4061 ἔριαῖσιιιν,
637 3978 704 4047 πρὶν
722 3971 758 4029 ἂν
772 3975 883 4047 ἀμφοῖν
894 3976 990 4055 μῦδρν
1001 3969 1128 4044 ἀκούσῃς,

116 4046 168 4105 οὖν
185 4044 222 4103 ἂν
239 4042 374 4111 δικάσαις.
394 4046 428 4101 σὺ
446 4044 501 4119 γὰρ
518 4063 568 4099 ουν
585 4047 637 4099 νῦν
646 4064 696 4116 μοι
708 4047 788 4098 νικᾶν
797 4047 891 4113 πολλῷ
902 4044 1050 4108 δεδοκησαι
1062 4040 1129 4105 mh,

78 4154 152 4229 quin
173 4141 233 4216 οὖν
256 4174 314 4212 non
336 4155 465 4215 continet
486 4152 545 4211 nisi
565 4148 606 4225 id,
627 4142 734 4223 qnod,
756 4156 871 4209 utres
896 4150 1131 4220 comparatae

77 4240 176 4313 nint,
200 4238 265 4312 sit,
290 4238 418 4314 ideoque
438 4244 516 4297 recte
538 4242 650 4307 tempus
670 4234 768 4305 ipsum
789 4233 947 4291 accuratius
968 4230 1056 4288 etism
1076 4242 1132 4298 per

76 4320 138 4384 νῦν
158 4319 303 4381 declarari
322 4324 427 4398 potuit.
468 4316 550 4379 Vide
563 4314 795 4389 Hoogereenum
812 4334 843 4388 p.
858 4319 929 4376 107.
950 4311 998 4373 ed.
1011 4308 1130 4374 Sohiita.
