2850 4842
470 469 647 541 ἆλλᾶ-
668 474 757 557 μέν.
957 568 961 576 .
1089 480 1133 545 61

88 653 152 722 est,
174 652 210 707 ut
236 666 333 721 quom
352 644 390 704 ad
411 644 624 705 adversativam
641 646 811 720 particulam
832 636 918 711 ἀλλὰ
939 658 1133 725 apponeretur

89 729 165 790 illud
188 728 267 809 μέν,
293 750 359 806 res,
384 750 460 804 quae
481 731 541 787 iam
566 748 620 803 per
642 733 855 813 oppositionem
879 733 1018 810 infertur,
1046 757 1132 810 prae

92 816 184 873 aliis
204 816 332 890 rebus,
353 833 429 888 quae
450 820 498 871 aut
518 814 602 887 ipsae
623 811 761 872 dicuntur
780 821 830 873 aut
852 818 937 874 tacita
957 823 1132 893 cogitatione

91 896 291 957 adsumendae
305 908 384 973 sunt,
407 904 457 955 aut
479 916 566 955 esse
581 902 632 953 ant
644 897 742 955 lieri
758 896 907 957 diceretur.
948 898 1051 976 Itaque
1065 924 1133 978 par·

89 982 191 1040 tieulae
210 973 303 1044 ἀλλὰ
318 1014 363 1027 -
377 977 438 1058 μὲν
459 982 502 1039 sio
521 983 634 1037 iunctae
655 980 833 1054 respondent
853 981 916 1041 iere
929 980 1046 1044 Latinis
1064 1009 1133 1062 par·

90 1066 200 1124 titulis:
233 1067 278 1123 Aa
301 1098 339 1110 -
362 1064 482 1141 quidem,
503 1064 554 1121 sed
577 1097 614 1107 -
638 1064 757 1139 quiden,
777 1075 863 1139 atque
884 1068 926 1124 ita
946 1068 1133 1131 collocatione

91 1148 207 1223 quidem
228 1150 390 1209 verborum
409 1145 585 1205 circumdare
605 1145 702 1207 solent
721 1148 803 1207 illam
825 1168 935 1224 rocem,
955 1174 1042 1227 quam
1060 1154 1132 1214 effe-

89 1240 241 1308 runt‚1aut
263 1243 342 1291 certe
363 1232 492 1305 aliquam
513 1232 578 1290 eius
601 1232 681 1290 suuis
700 1240 824 1308 partem,
847 1253 935 1306 quem
958 1236 1133 1297 admodum
1187 1258 1191 1265 ’

12 1357 13 1370 ,
89 1317 151 1375 fere
170 1313 351 1394 Latinorum
377 1315 532 1389 particulas
560 1334 596 1372 ne
625 1348 662 1358 -
690 1315 801 1390 qnirlem
828 1316 961 1377 uidemus
989 1321 1132 1381 collocari.

12 1403 13 1412 ’
90 1396 138 1459 De
170 1400 321 1475 exemplis
353 1399 471 1474 quidem
503 1397 589 1456 facile
621 1396 744 1457 iudicari
775 1403 899 1475 poterit,
933 1406 1070 1475 quomam
1099 1407 1133 1465 in

91 1482 236 1558 plerisque
263 1484 337 1541 locis
365 1502 412 1539 res
440 1481 528 1539 dubia
548 1502 609 1538 uon
629 1487 691 1556 est,
718 1482 809 1541 ueluti
829 1486 855 1541 si
875 1486 953 1560 apud
971 1485 1133 1548 Homerum

11 1613 12 1616 ,
93 1567 232 1640 Odyeeeue
251 1568 307 1625 lib.
328 1563 405 1624 XII.
426 1585 455 1625 r.
478 1566 538 1623 154
560 1585 622 1639 sqq.
645 1562 701 1622 hoc
721 1564 843 1642 legitur:¹
1004 1566 1008 1583 “

209 1687 249 1750 Ὠ
265 1700 354 1767 φίλοι,
372 1694 405 1749 οὗ
422 1693 477 1767 peip
489 1692 546 1765 χρὴ
562 1694 611 1749 ἕνα
628 1695 749 1778 ἴδμεναι,
769 1693 834 1751 οὐδὲ
852 1693 893 1751 dr?
911 1702 995 1773 οἵους,

216 1764 355 1836 θέσφαιῗ,
376 1759 394 1816 ἅ
412 1784 463 1833 μοι
480 1768 569 1834 Κίρκη
585 1771 741 1833 pendnetem,
761 1764 808 1817 diu
825 1760 932 1819 θεάων·
1096 1770 1097 1776 ’

215 1832 275 1887 ἀλλ’
297 1834 365 1906 ἐρέω
380 1834 435 1902 μὲν
454 1827 535 1900 ἐγών.
553 1832 599 1883 ἵνα
617 1827 718 1891 εἰδότες
734 1826 751 1899 ἥ
771 1851 801 1885 κε
817 1830 951 1903 θάνωμεν

216 1897 235 1969 ἤ
256 1919 307 1955 κεν
323 1897 489 1971 ἀλευάμενοι
505 1894 629 1953 θάνατον
645 1903 693 1952 καὶ
709 1903 780 1972 κῆρα
799 1899 958 1975 φύγοιμι,

93 2046 149 2102 quo
175 2026 210 2083 iu
236 2024 302 2083 loeo
328 2023 419 2083 uerba
445 2019 534 2080 haec:
572 2010 642 2083 ἀλλ’
665 2016 748 2101 ἐρέω
768 2019 829 2102 μὲν
850 2016 948 2105 ἐγών,
977 2018 1032 2090 ἵνα
1053 2023 1131 2107 aad,

93 2110 141 2167 red
158 2110 253 2167 dicum
273 2108 384 2185 quidem
404 2126 464 2182 epo,
483 2113 516 2162 nt
536 2113 585 2163 etc.
606 2108 649 2165 ita
669 2105 812 2180 dicuntur,
833 2117 866 2166 ut
882 2112 907 2167 ui
926 2108 967 2183 id,
990 2111 1068 2184 quod
1084 2116 1130 2173 in-

11 2234 12 2240 ,
93 2191 371 2271 aiaton-‚particula
398 2185 475 2269 μέν,
503 2191 662 2249 accuratim
693 2192 853 2263 explanare
879 2191 973 2267 velis,
1002 2197 1043 2252 sic
1067 2195 1132 2255 fere
1242 2212 1247 2223 ·

94 2274 296 2351 amplificanda
320 2276 415 2334 oratio
433 2275 489 2333 sita
520 2273 893 2350 interemptionem,
914 2280 967 2333 etei
988 2278 1053 2337 nolo
1078 2279 1133 2337 ud-

95 2359 225 2433 paam,
256 2368 408 2418 ciramea
437 2377 468 2415 re
491 2375 590 2415 senem
613 2356 718 2432 clusura
744 2360 787 2415 nli
810 2362 899 2433 possit
921 2378 1015 2417 necue.
1058 2358 1132 2421 Tala

96 2444 167 2517 quid
188 2444 241 2503 iile
263 2444 326 2503 uolt
345 2440 528 2517 siguificare,
557 2442 608 2515 qni
631 2443 740 2515 premit
760 2442 882 2500 verbum
902 2444 1042 2516 particula
1061 2441 1132 2525 μέν.

94 2524 146 2586 sic
163 2530 197 2587 iu
219 2528 272 2587 illo
293 2522 450 2603 Sophoclis
470 2524 539 2582 loeo
558 2523 658 2602 Oedipi
679 2525 793 2585 Gelonei
814 2546 842 2586 r.
863 2529 904 2585 44
922 2547 967 2603 sq.
1026 2560 1028 2568 ν

271 2655 348 2710 ‚Ali’
366 2659 431 2725 ἵλεῳ
439 2656 501 2779 ἓμὲν
517 2653 573 2739 τόνυ
583 2655 675 2739 ἱκέῖην
691 2658 834 2741 deletam·
852 2634 858 2639 “

282 2723 347 2779 ὥστ’
370 2724 421 2796 οὐχ
453 2727 521 2797 δρας
537 2743 587 2794 γης
604 2723 676 2792 rpod'
695 2743 732 2779 αν
748 2725 882 2797 ἐξέλθοιμ’
903 2726 951 2782 ἔτι.

10 2881 11 2890 ¹
95 2847 265 2907 rectissume
294 2844 368 2907 (iod.
398 2845 584 2906 Hermannus
615 2855 716 2907 eontra
741 2846 823 2908 Petri
846 2848 985 2911 Elmsleii
1012 2858 1132 2913 seuten-

95 2934 189 3006 tiam,
213 2934 265 3015 qui
292 2931 329 2989 ad
352 2951 379 2991 r.
405 2937 457 2990 28.
487 2934 609 2990 coniecit
636 2931 690 2989 loc
719 2924 836 3007 quoque
866 2935 931 2994 loeo
958 2938 1132 3010 particulam

93 3013 162 3099 μὴν
183 3036 239 3091 pro
259 3011 321 3093 μὲν
340 3034 401 3074 esse
421 3015 633 3090 reponendam,
653 3017 694 3072 ita
716 3013 887 3092 disputarit,
910 3025 942 3075 nt
965 3019 1087 3095 diceret,¹
1106 3024 1132 3079 si

92 3098 178 3175 illud,
199 3099 276 3174 quod
295 3091 476 3174 reticeretur,
498 3097 639 3173 supplere
661 3097 814 3173 vellemus,
838 3102 880 3158 sio
903 3102 967 3161 sere
987 3106 1132 3179 integram

92 3182 149 3241 loci
178 3176 353 3242 seutentiam
379 3186 531 3257 concipere
557 3182 662 3240 liceres
691 3182 733 3238 Aa
758 3188 899 3260 propitiae
926 3185 1036 3262 quidem
1062 3206 1133 3261 sup-

93 3266 193 3343 plicem
216 3273 374 3345 ascipiunt,
399 3268 465 3338 sed,
494 3270 520 3325 si
539 3270 633 3324 iratae
652 3263 787 3336 labeum,
817 3268 975 3343 perferam,
1000 3268 1134 3346 quidquid

95 3350 162 3407 mili
186 3351 356 3409 destinatam
383 3359 432 3407 est.
476 3348 662 3428 Quamquam
690 3349 724 3407 in
755 3350 880 3426 singulis
907 3349 955 3411 lis
979 3353 1050 3411 locis
1076 3352 1134 3410 dif-

92 3430 169 3492 ficile
194 3443 240 3492 est
262 3436 357 3507 ipsam
380 3436 556 3492 senteutiam
576 3440 741 3507 praestare,
763 3454 866 3509 quam,
887 3438 1001 3509 quiite
1022 3437 1133 3496 locutus

93 3524 151 3591 est,
173 3520 208 3575 iu
227 3520 327 3574 animo
350 3515 501 3592 habuerit,
525 3536 614 3591 quom
634 3517 693 3574 alio
716 3519 748 3573 in
770 3518 834 3576 luco
856 3520 920 3579 aliis
942 3522 1041 3580 verbis
1066 3541 1134 3579 con·

95 3600 227 3673 cipieuda
255 3602 312 3673 sit,
340 3609 370 3658 et
393 3601 540 3659 interdum
563 3619 602 3658 ne
627 3602 655 3658 ei
677 3600 795 3673 quidem
816 3602 892 3678 ipsi,
920 3607 972 3677 qui
991 3604 1134 3678 loquitur,

95 3686 162 3741 satis
193 3691 272 3742 certe
304 3682 342 3742 de
373 3703 409 3743 ea
441 3686 605 3744 constitisse
632 3683 775 3744 rideatur.
823 3681 860 3743 ln
888 3689 987 3764 Vespis
1015 3686 1135 3762 quidem

94 3764 305 3842 Aristophanis
325 3787 355 3825 u.
378 3772 430 3828 77.

279 3873 347 3948 oia,
365 3878 435 3935 ἀλλὰ
453 3884 519 3953 prio
536 3882 592 3956 pen
608 3880 683 3937 ἐστιν
698 3878 770 3954 ἀρχὴ
788 3885 837 3938 rori
852 3884 948 3939 κακοῦ.

93 3990 181 4051 facile
205 4002 348 4069 apparet,
378 3994 449 4070 quid
477 3998 653 4073 cogitatione
677 3996 873 4071 supplendam
896 3999 943 4056 sit.
985 3992 1032 4054 lbi
1055 3995 1135 4055 enim

93 4072 148 4135 lucc
168 4076 289 4136 dicitur=
323 4080 381 4138 Sed
403 4076 484 4163 φιλο
508 4080 618 4159 quidem
637 4084 810 4138 minitione
828 4082 912 4151 moli,
942 4084 1027 4139 etium
1047 4083 1075 4136 si
1093 4078 1133 4149 id,

92 4162 166 4237 quod
192 4170 225 4220 ie
251 4162 291 4220 ud
316 4164 369 4223 noc
394 4167 508 4223 initiam
534 4162 723 4223 mmmm
749 4170 848 4238 putee,
884 4182 980 4223 nemen
1002 4181 1059 4221 non
1084 4170 1134 4221 est.

92 4239 155 4303 Nee
181 4246 340 4321 quisquam
365 4246 525 4321 dubitabit,
553 4266 643 4322 quem
669 4242 706 4302 ad
730 4242 848 4303 modum
873 4245 1063 4320 explicandus
1083 4244 1135 4305 ille

93 4326 172 4391 loeus
199 4331 260 4407 sit,
288 4332 341 4407 qai
365 4330 476 4405 legitur
502 4333 536 4394 iu
562 4328 693 4392 Platonis
721 4328 833 4391 onemo
860 4328 940 4390 Part.
961 4327 987 4391 1.
1011 4329 1070 4393 rol.
1093 4326 1133 4390 11.
