2850 4842
333 474 398 565 ἥδ
553 516 555 521 -
671 466 788 561 ,ύχρι
819 483 857 533 ιι
886 468 1038 559 μέχρι.
1075 453 1085 463 ’

327 644 383 729 ,τῷ
411 636 529 744 πύργῳ
560 636 660 719 ἄλλος
686 632 815 745 πύργος
841 608 1044 723 ἐπιβέβηκε,
1065 634 1123 704 καὶ
1152 633 1267 725 ἕτερος
1290 636 1380 721 μάλα

335 722 394 791 ἐπὶ
414 749 536 809 τούτῳ,
558 723 673 829 μέχρις
695 712 734 789 οὗ
756 718 843 788 οκτιύ
864 719 1010 805 πύργων.
1018 767 1028 797 ,
1057 730 1088 783 et
1107 724 1161 783 lib.
1180 722 1223 787 11.
1244 745 1308 801 cap.
1332 732 1378 785 19.

336 806 421 875 ὥστε
436 804 573 914 Ιβραχὺς
601 831 660 873 τον
684 808 829 887 χειμῶνα
857 800 991 870 ἅπαντα
1013 802 1177 872 διατελέει
1198 803 1257 883 ὤν,
1285 804 1381 891 μέχρι

336 880 376 959 οὗ
409 915 503 969 αστις
533 888 686 977 τροπέων
717 892 783 953 τῶν
812 884 984 970 θερινέων.
1046 889 1132 970 Qaaa
1165 893 1239 951 mira
1272 892 1380 951 locutio

232 1028 236 1032 .
335 976 373 1037 G.
395 975 565 1036 Hermanno
594 973 632 1034 ad
656 979 789 1051 Ῡιρσπισι
810 995 839 1050 p.
859 978 933 1033 788.
962 973 1007 1032 ed.
1031 981 1098 1039 tert,
1129 976 1171 1040 sio
1197 975 1382 1049 explananda

333 1059 464 1134 ridetur,
493 1069 525 1116 nt
549 1066 613 1135 orta
634 1057 770 1117 credatur
792 1078 833 1116 ex
853 1058 1012 1117 mutatione
1034 1059 1184 1118 orationis.
1225 1056 1304 1118 Nom
1323 1054 1380 1137 μέ-
1419 1083 1421 1086 ·

333 1164 407 1227 γρις
435 1130 477 1206 οὗ
491 1133 585 1243 τύκτρ)
607 1134 743 1242 πύργων
766 1140 880 1215 dicere,
910 1143 962 1217 qui
985 1162 1048 1200 cnm
1072 1144 1157 1201 initio
1177 1141 1269 1202 vellet
1290 1141 1380 1201 dicere

331 1221 449 1309 μέχρις
470 1247 510 1289 ου
532 1217 618 1289 ὀκτὼ
641 1245 766 1306 πυργοι
787 1217 886 1296 ninia,
912 1234 1005 1285 mutet
1028 1228 1190 1285 orationem
1210 1234 1241 1283 et
1263 1247 1318 1305 pro
1338 1226 1379 1283 nl·

335 1312 422 1369 turnis
448 1309 524 1379 dicat
545 1301 632 1372 ὀκτὼ
652 1304 802 1394 πύργων,
825 1321 991 1387 tamqnam,
1018 1309 1096 1385 quod
1118 1311 1266 1387 copiosius
1289 1309 1378 1370 dicere

332 1394 490 1469 voluisset,
515 1413 594 1451 nnnc
622 1394 740 1453 brevius
768 1392 974 1467 expreaanrnsss
1015 1390 1053 1451 ln
1081 1394 1203 1453 eandem
1231 1393 1296 1453 sera
1316 1414 1378 1452 sen·

335 1480 459 1538 tentiam
479 1478 549 1537 abiit
568 1474 653 1554 Aug.
675 1474 821 1537 Matthiae
843 1479 894 1535 Gr.
919 1480 969 1536 Gr.
989 1478 1077 1554 σοιγλ.
1096 1481 1122 1550 §.
1144 1481 1217 1535 480.
1238 1478 1269 1535 b.
1288 1476 1378 1535 adnot.

330 1582 366 1637 p.
397 1561 471 1620 898.
506 1560 550 1621 ed.
583 1580 659 1635 aea,
691 1561 743 1635 qni
776 1569 927 1634 praeterea
958 1559 1054 1618 adfert
1083 1558 1231 1621 Herodoti
1263 1560 1316 1621 lib.
1340 1558 1376 1619 ll.

335 1665 398 1719 cap.
423 1649 494 1709 173.
530 1639 576 1705 Τὸ
603 1640 664 1723 μὲν
692 1638 849 1727 ὄρθριον,
875 1639 974 1726 μέχρι
993 1637 1074 1707 ὅτου
1095 1638 1287 1745 πλιγδιύρρς
1308 1634 1378 1723 dyo-
1419 1721 1421 1724 Ι

296 1732 300 1738 “
335 1728 413 1812 ρῆς,
443 1716 632 1806 προθύμως
652 1719 809 1810 ,ἔπρησσε
836 1722 878 1788 τὰ
905 1719 1166 1811 προσφερόμενα
1192 1744 1388 1812 πρηγματα,
1419 1743 1421 1788 Ι

334 1820 365 1869 ct
385 1812 437 1871 lib.
459 1808 515 1871 111.
540 1830 603 1885 cap.
626 1814 698 1870 104.
730 1799 770 1872 ού
797 1802 957 1911 κατάπερ
975 1812 1064 1872 τοῖσι
1093 1803 1227 1872 ἄλλοισι
1257 1831 1321 1891 μισ
1340 1832 1377 1887 μ-

271 1922 278 1929 ·
335 1888 441 1976 eptas,
465 1884 533 1956 ἀλλ’
558 1885 759 1976 ὑπερτείλας
779 1889 894 1973 μέχρις
915 1912 955 1955 ου
970 1883 1095 1978 ἀγορῆς
1108 1885 1292 1969 διαλύσιος.
1322 1834 1378 1952 iod

335 1987 369 2037 nt
391 1979 427 2047 de
448 1979 593 2038 sententia
611 1980 677 2051 ipsa
700 1976 853 2034 concedam
873 1977 944 2033 viris
964 1976 1160 2036 doctissumia:
1185 1980 1378 2051 nequeenim

335 2060 424 2121 lones
450 2061 586 2120 videntur
616 2060 728 2135 aliquid
756 2058 836 2117 aliud
864 2062 897 2116 in
922 2080 957 2118 eo
982 2061 1211 2139 conquisivisse,
1242 2060 1318 2135 quod
1339 2062 1377 2119 sio

334 2146 424 2205 locuti
446 2153 531 2203 sunt:
562 2142 598 2203 de
619 2147 732 2203 ratione
756 2151 852 2201 tamen
873 2140 988 2201 dicendi
1008 2163 1068 2201 non
1089 2156 1209 2218 possum
1231 2146 1376 2204 adsentiri.
1419 2199 1421 2220 ,

334 2226 417 2291 Mihi
439 2232 517 2289 enirn
541 2227 613 2287 haec
631 2228 746 2287 locutio
758 2228 800 2285 ita
813 2225 954 2285 solvenda
969 2227 1093 2302 videtur,
1115 2235 1147 2286 nt
1161 2229 1278 2302 singula
1294 2247 1375 2302 quae·

337 2332 395 2389 que
417 2313 492 2373 bena
511 2318 653 2387 constent,
677 2331 775 2385 neque
796 2309 956 2386 quidquam
981 2331 1227 2385 supervacaneum
1250 2332 1314 2372 csse
1334 2311 1375 2369 ri·

336 2396 447 2455 deatur.
490 2394 560 2457 Non
582 2392 664 2454 enim
687 2395 772 2453 credo
795 2391 892 2477 μέχρι
914 2378 954 2457 οὗ
975 2403 1024 2453 aut
1046 2390 1144 2477 μέχρι
1164 2388 1245 2476 ὅτου
1262 2398 1303 2452 ito
1323 2389 1394 2451 ‹tici'

334 2481 484 2555 potuisse,
510 2488 543 2537 nt
569 2478 645 2537 nihil
675 2478 888 2554 significaretur
914 2478 972 2535 nisi
999 2476 1079 2552 quod
1103 2481 1136 2536 in
1154 2480 1217 2553 ipsa
1236 2477 1376 2551 particula

334 2566 539 2632 pontineretnr.
584 2559 683 2640 Quam
704 2564 741 2619 ob
759 2582 821 2619 rem
839 2563 882 2620 sic
899 2562 980 2620 aoivo
998 2582 1062 2621 eam
1075 2562 1267 2621 locutionem:
1285 2556 1376 2642 μέχρι

335 2637 469 2714 τούτου,
500 2634 629 2706 iidata)
651 2636 802 2727 πύργων,
833 2644 947 2703 idest:
977 2665 1065 2723 osque
1088 2646 1126 2705 od
1144 2646 1190 2715 td,
1219 2645 1293 2723 quod
1311 2650 1375 2701 asset
1419 2580 1421 2702 i

335 2736 397 2805 poto
419 2732 549 2798 tior-rium,
577 2729 661 2801 quasi
685 2726 797 2787 Latine
817 2728 912 2787 dicas:
942 2747 1030 2804 araque
1050 2728 1089 2787 od
1111 2748 1174 2786 αισι
1196 2729 1308 2790 modom
1329 2733 1375 2784 ort
1419 2757 1421 2760 ·

334 2829 497 2880 ,ιι-ιιιιιοιιιιιι,
526 2815 574 2887 crui
601 2819 672 2870 essct
703 2820 765 2871 octo
792 2816 922 2870 torrium.
965 2809 1096 2871 Facilius
1118 2815 1207 2870 etiam
1230 2812 1307 2872 solui
1325 2830 1374 2883 po·

334 2901 434 2952 terant
461 2896 484 2953 ii
511 2892 587 2969 loci,
618 2895 668 2953 ubi
694 2897 833 2971 temporis
861 2894 1038 2971 significatio
1071 2904 1131 2969 est,
1162 2916 1224 2961 non
1247 2893 1322 2969 quod
1341 2890 1374 2949 ad

335 2979 478 3037 rationem
499 2979 617 3052 quidem
635 2982 853 3055 grammaticam
874 3000 935 3037 non
953 2979 1056 3037 eodem
1071 2978 1157 3038 modo
1170 2999 1219 3039 res
1233 2985 1374 3053 congruat,
1419 2991 1421 3000 ·

335 3060 388 3138 sed
417 3065 485 3137 quia
509 3064 552 3121 ibi
579 3062 697 3122 facilins
723 3065 808 3121 etiarn
833 3071 934 3121 nostro
954 3082 1091 3122 sermone
1112 3083 1268 3139 possumus
1289 3059 1374 3119 Grac·

336 3166 436 3205 eornm
462 3164 626 3207 sermonem
649 3149 759 3205 imitari
786 3154 875 3219 atque
892 3148 1073 3221 exprimere.
1116 3145 1196 3206 Nam
1222 3150 1248 3206 si
1272 3142 1373 3209 Graece
1419 3171 1421 3180 ·

336 3228 431 3299 dicas:
463 3225 560 3313 μέχρι
584 3222 709 3313 διγορᾶς
731 3224 926 3304 διαλύσεως,
956 3229 987 3288 id
1014 3240 1063 3304 est
1079 3231 1268 3305 simpliciter:
1295 3243 1373 3301 ιιιριιο

336 3314 374 3373 αδ
393 3314 536 3373 ιιιοιὶδύοπι
579 3314 622 3373 iio
642 3332 711 3373 zum
731 3318 869 3389 Μὶιιορο,
899 3315 927 3374 ai
951 3314 1049 3373 dicas:
1075 3309 1173 3396 μέχρι
1195 3299 1235 3375 οἷν
1257 3305 1373 3392 ἀγορᾶς

298 3406 303 3419 ’
336 3386 488 3471 διάλυσις
516 3393 608 3479 (ην),
638 3404 682 3456 est
708 3394 779 3454 hoc:
809 3417 896 3475 ccsqoe
922 3398 989 3456 dom
1016 3398 1146 3455 meridios
1171 3404 1258 3466 meat,
1284 3394 1325 3451 ita
1346 3407 1372 3446 ca

334 3482 442 3554 Μιλύας
463 3500 541 3549 αισι,
564 3484 609 3538 sin
630 3482 672 3537 ita
694 3480 843 3557 loqueris,
865 3501 954 3554 quam
974 3480 1012 3539 ad
1032 3479 1149 3538 modom
1166 3477 1256 3538 lones
1275 3477 1371 3535 fecisse

334 3560 487 3621 videntum
517 3559 615 3646 μέχρι
637 3549 676 3626 οὗ
701 3553 826 3648 ἀγορῆς
847 3557 1035 3637 διαλύσιος,
1058 3562 1114 3622 hoo
1134 3564 1199 3622 fara
1221 3561 1313 3621 dicas:
1335 3558 1371 3612 bit
1402 3554 1408 3565 '

335 3645 404 3703 dosa
426 3665 514 3705 camo
535 3652 643 3722 Mittop
666 3667 740 3718 ιοιιν,
765 3650 851 3721 quasi
874 3645 984 3705 Latina
1008 3646 1105 3707 dican:
1126 3645 1300 3723 nequedum
1318 3657 1370 3699 mr-
1419 3654 1420 3657 ’

335 3729 418 3801 ridie
440 3738 521 3791 auset.
564 3728 631 3789 Hoc
645 3729 785 3806 deniqne,
803 3733 829 3789 si
842 3733 1013 3791 sententiam
1024 3738 1189 3806 spectamus
1199 3732 1301 3804 ipsam,
1318 3742 1372 3780 nou

335 3812 460 3871 multum
479 3812 577 3871 differt
597 3835 614 3871 a
626 3815 771 3873 communi
784 3812 963 3875 Graecorum
976 3834 1122 3892 sermone,
1143 3813 1197 3874 sed
1212 3813 1271 3872 aiio
1284 3818 1371 3867 tame!

335 3895 422 3954 modo
446 3895 624 3955 enucleanda
647 3916 694 3955 res
716 3906 788 3956 erat.
1419 3897 1421 3992 i

179 3980 268 4061 Ἄχρι,
419 3976 559 4053 Denique
588 3980 741 4040 dicendum
770 3989 815 4042 est
841 3982 878 4042 do
903 3981 1009 4043 soranis
1032 3981 1108 4056 ipsis
1131 3971 1207 4063 ἄχρι
1226 3985 1255 4037 et
1272 3966 1367 4053 μύχρι·
1419 4001 1421 4024 ÷

213 4052 298 4127 ἷῖλθῑέ·
334 4061 414 4124 Nam
434 4084 522 4137 quom
544 4064 631 4141 volgo
654 4065 719 4125 fera
739 4068 902 4141 promiscue
923 4087 976 4126 eae
996 4085 1082 4126 voces
1100 4065 1301 4127 scriberentur,
1320 4054 1366 4109 ab·

188 4143 290 4213 Mixto
334 4151 409 4208 iecta
432 4156 482 4207 ant
502 4148 634 4209 adiuncta
651 4151 747 4210 littera
762 4150 794 4225 ὃ,
813 4147 910 4234 μέχρι
922 4149 971 4211 vel
982 4144 1106 4233 μέχρις,
1129 4135 1259 4230 λύχριτθλ
1270 4132 1369 4275 Ἢ

214 4212 317 4283 μέλλω·
334 4234 394 4301 iam
417 4232 487 4291 oiim
508 4236 693 4311 exstiterunt,
716 4238 769 4309 qni
790 4255 880 4310 quom
900 4254 967 4295 eam
987 4254 1051 4293 ram
1063 4231 1101 4290 ad
1114 4240 1218 4290 certam
1231 4242 1306 4300 qm

335 4313 466 4387 regulam
495 4336 630 4378 revocare
653 4319 782 4398 vellent,
807 4314 906 4404 μέχρι
928 4326 958 4380 et
980 4308 1059 4404 ἄχρι
1076 4324 1144 4381 anta
1164 4316 1286 4394 litteram
1306 4319 1372 4379 0⁰¹2
