2850 4842
394 478 572 585 ἀίχριιι
597 475 752 590 ’μέχρλ
874 448 887 473 =
1033 498 1114 579 227

43 666 122 727 ίδειιι
144 645 316 740 discrimen,
342 662 379 725 δε
403 687 461 743 qno
484 688 571 743 snpra
588 644 732 749 diximus,
754 675 833 735 inter
851 672 948 761 μέχρι
965 663 1000 739 ἐι
1021 664 1097 764 ἀμρι

44 748 244 810 intercessisse
268 746 393 809 εῖδειιιι.
436 747 488 809 Sic
506 750 724 816 Demosthenes
742 758 775 815 in
796 761 937 838 oratione,
955 782 1031 837 ques
1052 772 1098 823 est

45 833 79 893 (le
102 834 202 892 Rebus
224 833 359 907 fflsecsoo.
383 837 412 906 5.
436 838 488 893 77.
510 836 555 895 εδ.
580 835 676 897 Bekk.
700 862 730 916 p.
757 846 897 918 109,11.
922 844 966 905 εδ.
989 844 1095 907 Reisk.

46 918 157 977 locutos
186 924 248 977 est:
282 908 325 979 Εἰ
345 913 457 993 μέντοι
487 918 693 987 καθεδεῖσθε
722 913 799 1006 ἀχρι
820 926 880 989 τοῦ
900 929 1095 1027 θορυβῆσαι

47 997 98 1063 καί
123 993 305 1063 ἐπαινέσαι
323 994 582 1078 σπουδάζοντες,
611 1000 668 1068 ἐὰν
689 1003 726 1071 δέ
748 1004 807 1094 δίη
828 1030 862 1071 τι
882 1013 995 1074 ποιεῖν
1015 1034 1096 1074 ανα-

47 1077 217 1185 δυόμεναι,
248 1076 307 1160 οὐχ
334 1074 405 1169 δρῶ
434 1078 532 1167 λόγον
559 1083 654 1164 ὅστις
683 1078 761 1153 ἀνευ
783 1072 846 1155 ιτού
874 1095 986 1157 ποιεῖν
1007 1086 1094 1175 ὑμᾶς

46 1191 66 1228 α
86 1186 257 1250 προσηκει
280 1163 455 1251 δονήσεται
475 1163 535 1254 τὴν
554 1164 654 1234 πόλιν
675 1174 805 1246 στῦσαι,
825 1184 855 1235 ει
873 1176 953 1236 idem
969 1178 1045 1237 dixit
1060 1180 1094 1237 in

45 1253 177 1309 oratione
199 1258 298 1308 contro
321 1253 460 1310 Aristocr.
483 1256 512 1325 §.
538 1260 607 1312 122.
630 1255 675 1315 ed.
697 1255 798 1317 Bekk.
826 1281 855 1334 p.
878 1264 941 1319 660
962 1269 1094 1321 extrema

45 1334 91 1392 εδ.
112 1330 218 1392 Reisk.
250 1322 326 1395 ἀλλ’
351 1322 428 1417 ἀχρι
449 1328 569 1399 τούτου
591 1334 647 1401 καί
669 1338 795 1423 φιλεῖν,
819 1331 930 1421 οἶμαι,
949 1340 1013 1427 χρὴ
1036 1340 1094 1407 καί

43 1418 168 1495 μισεῖν,
189 1412 373 1499 μηδετέρου
393 1412 452 1478 ais
474 1414 591 1501 καιρὸν
611 1412 902 1506 ύπερβοίλλοντες.,
929 1430 1034 1501 ossibus
1059 1430 1093 1486 in
1146 1456 1156 1499 t

43 1501 115 1558 locis
137 1498 215 1573 finis,
238 1498 275 1557 ed
296 1520 384 1573 quem
405 1500 505 1575 aliqua
526 1523 574 1562 res
595 1508 751 1579 pervenire
764 1516 813 1566 ent
826 1511 920 1583 potius
935 1510 1093 1571 ascendere

44 1582 186 1659 sidentur,
209 1582 363 1641 delinitur:
388 1584 466 1659 qnod
487 1595 588 1645 contro
612 1590 639 1647 si
661 1590 819 1650 diceretur:
840 1588 937 1677 μέχρι
958 1585 1091 1670 τούτου,
1198 1640 1202 1645 -

44 1688 103 1726 non
122 1676 182 1725 tem
202 1666 359 1727 ascendere
380 1688 437 1744 res,
459 1668 511 1727 sed
532 1672 770 1749 extendi'potins
793 1694 884 1749 nsque
903 1676 941 1734 εδ
961 1677 1101 1753 aliquem*

44 1750 134 1809 linem
155 1749 314 1810 videretur.
356 1748 432 1827 seo,
453 1760 486 1810 ιιι
507 1752 588 1832 dixi,
609 1776 657 1817 res
680 1756 854 1835 plerumque
876 1762 909 1819 in
933 1762 1015 1837 eius,
1039 1763 1091 1837 qui
1187 1771 1195 1784 ’

43 1834 181 1911 loquitur,
200 1834 320 1893 arbitrio
341 1837 434 1909 posita
456 1844 509 1896 est.

125 1917 222 1978 Notae
243 1926 312 1978 sont
333 1922 421 1977 etiam
441 1919 585 1981 formulae
607 1909 683 2007 ἀχρι
699 1910 751 2000 οὗ,
775 1913 849 2006 ἀίχρι
864 1947 924 1989 του
946 1936 997 1986 out
1014 1915 1180 2011 ὄχριᾈιχρι
1199 1948 1242 1999 ου,

43 1992 139 2077 τινός,
163 1992 240 2082 ἀχρι
260 1998 359 2065 τοῦδε
382 2010 411 2061 ει
436 2024 512 2079 quae
536 2012 602 2064 snut
621 2004 666 2065 his
688 2009 801 2068 similes
819 2010 991 2085 locutiones,
1014 2033 1089 2085 qnae
1107 1991 1172 2081 llll*
1189 2016 1247 2080 ²⁰3²·

44 2087 100 2142 inm
123 2084 258 2144 difficiles
283 2105 343 2144 non
373 2098 458 2146 erunt
484 2087 522 2146 ad
543 2090 760 2164 explicandum.
804 2090 855 2152 Sic
880 2094 959 2167 quod
982 2096 1090 2170 legitur
1106 2068 1270 2137 αχριωυδε·

44 2170 121 2241 apncl
153 2168 335 2229 Herodotum
367 2168 418 2228 lib.
450 2167 475 2228 1.
508 2191 571 2247 cap.
606 2180 676 2233 117.
719 2172 945 2257 Παραδίδωιι
976 2175 1091 2253 μέντοι

43 2252 130 2359 ιιρῖδε
162 2248 244 2315 κάιά
276 2244 372 2325 τάδε,
405 2248 632 2334 ἐντειλάμενος
662 2253 779 2319 θεῖναί
807 2278 865 2335 μιν
897 2198 932 2332 lg
966 2254 1090 2341 ἐρῆμον

45 2354 160 2416 ουρος,
187 2331 242 2399 καί
268 2331 502 2417 παραμένοντα
525 2332 709 2421 φυλάσσειν
730 2330 807 2424 ἀχρι
829 2325 869 2401 οὗ
889 2337 1088 2425 τελευτήσει,

44 2429 93 2477 ent
122 2419 196 2494 apud
223 2416 456 2494 Xenophontem
482 2422 515 2479 in
544 2422 704 2499 Disciplina
730 2422 796 2495 Gyri
826 2423 877 2481 lib.
902 2421 943 2483 V.
972 2445 1034 2501 cap.
1056 2430 1086 2484 4.

45 2507 70 2575 ς.
97 2508 145 2562 16.
168 2502 215 2562 εδ.
241 2500 338 2562 Ζευιι.
366 2496 435 2573 Καί
461 2494 479 2564 ὁ
505 2499 566 2582 μὲν
584 2496 763 2590 Ἀσσύριος
784 2499 920 2582 διώξας,
949 2495 1025 2593 ύχρι
1047 2496 1087 2573 οὗ

44 2578 193 2671 ἀσφαλὲς
214 2575 298 2669 ζύετο
321 2574 418 2660 εἶναι,
439 2577 673 2670 ἀπετράπετο,
697 2591 802 2663 quibus
820 2591 852 2648 in
867 2591 939 2650 locis
951 2594 982 2669 si¹
990 2589 1088 2676 μέχρι

43 2656 82 2732 σίν
110 2670 218 2729 ‹lictnm
245 2678 338 2743 esset,
367 2668 445 2744 quod
471 2688 560 2745 saepe
587 2674 631 2731 sic
655 2671 776 2750 dicitnr,
807 2673 897 2733 veluti
926 2678 960 2733 in
981 2673 1087 2735 Xeno·

41 2752 161 2827 phontis
183 2754 366 2828 Expeditiones
389 2754 454 2824 Quas
474 2754 526 2813 lib.
548 2751 575 2812 Ι.
595 2776 657 2831 cap.
680 2762 710 2814 7.
734 2762 762 2831 §.
786 2763 814 2817 6.
841 2758 967 2835 legitur:
994 2751 1083 2822 Ἀλλ’

42 2830 117 2899 ε”στι
146 2830 209 2913 μὲν
236 2828 327 2915 ἡμῖν,
355 2824 381 2898 ὦ
404 2827 540 2920 ἀνδρες,
559 2829 579 2921 ἦ
603 2830 685 2922 ἀρχὴ
708 2830 727 2942 ᾗ
750 2836 895 2925 πατρῴα
916 2836 1005 2919 πρὸς
1025 2840 1086 2919 μὲν

40 2911 254 3017 μεσημβρίαν
278 2913 371 3002 μέχρι
400 2905 439 2982 οὗ
469 2917 524 2983 διὰ
552 2920 663 2998 καῦμα
686 2942 725 2985 ου
748 2916 903 2987 δύνανται
925 2920 1030 2987 οἰκεῖν
1052 2919 1087 2989 oi

42 2993 242 3087 ἅνθρωποι·
263 2997 348 3085 πρὸς
369 2998 406 3067 δὲ
428 2991 549 3085 ἀρκτον
569 3000 666 3085 μέχρι
680 2996 761 3066 ὅτου
776 3000 833 3066 διὰ
845 3008 992 3083 χειμῶνα
1010 3000 1085 3077 ντί,

41 3103 87 3145 res
114 3083 233 3160 quidem
260 3086 362 3145 eadem
386 3095 481 3160 esset,
508 3084 561 3145 secl
584 3084 679 3143 ιἐιιιειι
704 3088 845 3145 orationis
865 3087 963 3162 imago
984 3088 1097 3161 paullo

40 3170 125 3227 aliter
155 3177 329 3243 comparata.
379 3167 493 3229 Eadem
520 3188 622 3228 caussa
652 3179 696 3229 εει
716 3159 811 3229 ‘etiem
837 3170 982 3227 formulae
1008 3160 1085 3252 ἀχρι

40 3250 152 3325 τοῦδε,
173 3274 230 3328 qua
252 3255 285 3311 in
304 3253 433 3337 formnla
453 3256 582 3311 minume
604 3244 727 3337 χρόνον
746 3252 943 3328 supplendum
965 3261 1020 3327 est,
1040 3256 1085 3311 nti

40 3335 131 3396 soluit
154 3334 305 3396 Devarins
326 3359 357 3412 μ.
378 3336 513 3413 48.,’“εεδ
533 3358 694 3412 pronomen
718 3358 772 3414 per
792 3358 825 3398 εε
847 3337 917 3403 satis
930 3344 1060 3395 'constet

121 3418 262 3497 Denique
275 3442 336 3481 vox
349 3410 424 3506 ἀχρι
438 3442 497 3479 non
512 3420 644 3497 adposita
656 3422 714 3481 clia
731 3442 800 3481 voce
813 3442 868 3496 pro
882 3422 1085 3481 coniunctione

38 3504 77 3563 ite
109 3514 246 3581 usurpata
276 3513 338 3580 εει,
364 3514 395 3563 ιιι
421 3506 510 3581 plane
533 3506 616 3579 qnasi
644 3507 782 3580 porticula
805 3503 1012 3569 condicionalis
1035 3512 1086 3563 aut

39 3588 207 3663 temporalis
227 3598 451 3665 construeretur,
472 3589 562 3649 veluti
582 3592 615 3648 in
637 3587 762 3649 lanciani
785 3594 894 3647 Τοααν.
916 3592 944 3660 §.
966 3591 1017 3645 34.
1039 3588 1084 3645 δί-

38 3673 134 3753 citor:¹
162 3667 240 3747 τοὺς
266 3665 384 3754 λόγους
408 3706 462 3746 -,
491 3662 549 3747 σίίς
578 3663 596 3733 ὁ
625 3665 822 3755 Δημήτριος
849 3660 944 3734 εἶπεν
974 3663 1009 3733 ἓν
1035 3668 1085 3752 τῷ

38 3750 252 3840 δικαστηρίῳ,
274 3746 361 3842 ὑπὲρ
384 3747 485 3820 αὐτοῦ
506 3753 567 3835 μὲν
581 3750 684 3837 μηδὲν
697 3747 975 3837 ἀπολογούμενος,
996 3744 1085 3835 ὑπὲρ

37 3838 96 3900 τοῦ
122 3830 319 3922 Ἀντιφίλου
349 3835 403 3915 δέ,
431 3835 487 3903 καί
516 3836 667 3924 δακρύων
693 3838 750 3903 καί
774 3834 915 3925 προσέτι
937 3832 995 3900 καί
1018 3827 1092 3898 lue-¹

36 3914 141 3983 νεύων
163 3917 278 4003 καὶτὸ
300 3924 369 3985 ποῖν
391 3915 446 4009 ἐφ’
465 3916 581 3986 ἑαυτὸν
604 3915 851 4004 ἀναδεξόμενος,
875 3912 951 4008 ἀχρι
965 3940 1092 3999 μαστι-·

36 3998 195 4082 γούμενος
217 3996 356 4092 ὁΣύρος
378 3998 590 4091 ἀμφοτέρους
609 3996 748 4090 ἀφίησιν
763 3996 903 4081 αύτούς,
926 4005 1086 4086 eodemque
1144 4059 1148 4065 ,
1230 4034 1238 4051 0

36 4088 119 4148 nodo
148 4088 286 4148 adiuncta
312 4093 400 4150 etiam
429 4085 469 4175 δὴ
498 4092 640 4165 particula
666 4089 775 4165 legitor
796 4092 830 4149 in
857 4087 961 4147 eodem
983 4084 1086 4144 libello

37 4174 62 4242 ι.
83 4176 140 4231 43.
173 4162 257 4256 ἀχρί
273 4166 355 4274 ‘³⁷23
378 4169 460 4239 λέισν
482 4164 581 4259 ἀφείς
602 4169 728 4239 ἐκεῖνον
749 4165 919 4257 ἡμιθνῆτα
940 4159 1005 4253 ἤδη
1027 4162 1087 4231 ἐπί

35 4254 88 4317 air
111 4252 277 4320 Βελίτταν
299 4252 501 4354 απεστράφη
524 4254 580 4320 καί
601 4250 808 4335 συμπλακεὶς
830 4246 1004 4319 ἀπέκτεινε
1026 4240 1086 4311 κά-

35 4339 153 4406 κεῖνον.
197 4336 236 4399 ln
254 4337 304 4405 liis
321 4340 393 4404 locis
416 4361 490 4426 αχρι
511 4340 616 4402 dicitur
639 4341 726 4400 stiam
747 4336 1023 4456 adiectassparticuls
1044 4325 1093 4396 ἀν.
