2850 4842
424 524 428 529 ·
487 523 644 594 aare.
952 492 994 630 ι’
1084 530 1107 596 ι

74 712 155 779 utque
177 698 263 777 iliud,
291 697 370 775 quod
395 696 571 758 deciaratum
592 709 678 758 autea
698 708 753 759 eet.
798 696 849 760 Sic
868 698 996 777 denique
1017 706 1105 764 etiam

75 789 106 845 in
123 784 176 847 illie
194 786 283 861 looie,
306 785 358 844 nbi
382 786 476 858 magio
498 784 633 843 conclusa
655 785 749 843 oratio
771 795 831 861 ert,
860 784 962 846 eadem
987 798 1105 861 oenten-

75 873 167 929 tierom
193 868 383 944 oppositione
409 866 466 925 duo
495 870 646 926 enuntiata
673 875 899 945 connectuntur,
933 878 966 928 nt
991 873 1025 931 iu
1050 874 1105 933 ilio

73 952 265 1028 Aristophanis
292 971 383 1011 veroa
406 954 480 1010 970.
507 950 543 1010 de
564 954 672 1022 aare,
703 972 791 1027 quam
813 952 918 1011 adtulit
938 952 1102 1016 Devariuec

74 1027 107 1101 cri
126 1036 215 1111 Χῖος,
236 1030 324 1099 ἀλλὰ
345 1036 456 1111 Κεῖος,
479 1036 528 1094 ubi
549 1031 606 1094 hoc
622 1034 742 1094 dicitorr
763 1039 831 1095 Νιιι
851 1045 893 1095 ιιι
908 1038 1002 1109 (titur,
1021 1041 1104 1100 atiud

73 1130 125 1197 cet,
145 1140 246 1195 nempe
269 1121 356 1190 (icoc,
379 1120 464 1193 quari
486 1116 592 1179 Latine
613 1118 708 1179 dicate
733 1123 802 1178 Νοιι
820 1128 862 1178 oet
882 1121 983 1192 aare,
1004 1142 1102 1183 ocrrrm

74 1206 148 1274 cm,
166 1203 195 1262 id
216 1212 276 1279 eet,
296 1205 365 1261 Non
386 1210 427 1261 ιιι
450 1202 545 1273 (ιίιὶιιι,
568 1221 665 1262 ouum
684 1211 728 1263 est
747 1202 833 1279 illud,
854 1202 933 1277 qnod
953 1214 999 1266 eet
1020 1207 1102 1274 Geor.

72 1284 115 1347 Sic
132 1288 215 1348 etiam
234 1287 266 1347 iu
288 1284 343 1345 illo
364 1287 585 1363 epigrammate,
606 1285 686 1362 quod
705 1285 795 1346 habat
813 1283 918 1347 uost'er
939 1308 970 1363 p.
991 1294 1037 1348 2.ι

224 1418 315 1472 Toriro
333 1412 363 1471 rd
379 1411 521 1483 βουλεύειν
536 1408 607 1487 εἶχες
622 1410 718 1475 uritur.
736 1414 805 1472 ἀλλὰ
822 1412 852 1471 τὸ
868 1418 937 1485 βῆτα

284 1482 343 1539 Οὔκ
360 1480 566 1555 ἰπιγιγνώσκω·
586 1487 666 1541 έέλιιι
685 1476 741 1559 γὰρ
760 1482 917 1559 typeirpero,

72 1609 165 1685 quibua
190 1608 223 1667 iu
249 1608 351 1668 verbis
378 1604 434 1666 hoc
460 1606 580 1667 dicitur:
609 1610 671 1668 Hoc
699 1606 811 1686 quidem
837 1608 941 1667 dodum
968 1608 1100 1681 iradetur,

72 1692 140 1751 otiod
161 1702 251 1752 tomen
276 1699 333 1762 aet,
362 1690 435 1769 qarod
456 1690 519 1750 beto
541 1710 598 1751 ιιωι
619 1710 743 1767 upooaco
764 1700 815 1750 etc.
858 1690 1046 1774 Quamquam
1067 1697 1101 1753 in

72 1776 179 1835 cultiore
204 1794 345 1836 rannone
366 1777 394 1833 ei
415 1772 482 1849 quie
506 1771 561 1835 huc
579 1773 724 1849 particula
743 1776 894 1852 utebatur,
921 1779 947 1835 ie
969 1780 1101 1837 minume
1128 1832 1132 1841 ,

71 1859 101 1918 do
118 1858 167 1918 hac
185 1861 282 1935 prima
304 1861 367 1918 ciue
387 1860 418 1917 vi
439 1860 580 1932 cogitasse
599 1858 746 1933 putandus
767 1867 822 1934 eat,
844 1859 895 1920 ned
914 1860 999 1937 illud,
1021 1861 1102 1936 quod

70 1946 181 2003 mnam
208 1945 240 2003 iu
265 1942 370 2017 lingua
397 1942 598 2017 invenissent,
627 1943 737 2017 accepit
764 1944 848 2018 quari
874 1946 1100 2005 instrumentum

69 2036 191 2101 paratum
219 2034 310 2101 atquc
342 2025 552 2100 supellectilem
583 2028 722 2085 orationis
749 2026 958 2087 consuetudine
986 2026 1102 2088 dicendi

69 2112 287 2186 comprobatam,
316 2130 377 2168 uon
402 2108 455 2169 itte
483 2109 625 2171 sollicitus
647 2108 682 2167 de
703 2110 799 2182 prima
819 2109 955 2169 dictionis
977 2112 1102 2186 origine.

68 2192 115 2253 Ex
140 2192 194 2253 hoc
220 2196 313 2269 primo
343 2192 535 2268 queritante
559 2193 656 2253 omnin
675 2190 765 2253 huius
785 2193 945 2267 particulae
964 2212 1034 2252 nane
1056 2194 1103 2251 sa·
1170 2186 1176 2199 '

67 2276 178 2337 cillumc
196 2276 319 2337 tarium
341 2278 450 2352 poterit
470 2286 558 2351 atque
577 2276 699 2351 deduci,
725 2278 766 2334 ita
788 2284 820 2334 ut
840 2277 900 2334 iam
919 2275 956 2335 de
977 2277 1103 2351 singulis

69 2369 173 2419 tautum
192 2360 272 2437 locis,
294 2364 320 2421 ei
342 2360 412 2435 quid
433 2360 530 2421 minue
551 2369 630 2421 recte
649 2357 1038 2435 Derariuaadminiatraere
1057 2363 1126 2423 ri·¹

68 2444 173 2523 deutur,
191 2444 265 2505 milri
287 2442 440 2505 dicendum
462 2446 511 2503 sit.

145 2585 179 2650 P.
198 2594 228 2649 2.
252 2586 400 2649 Derariur
425 2584 507 2644 docet
535 2571 621 2647 ἀλλὰ
641 2584 813 2659 particulam
833 2584 1011 2662 rerpoudere
1031 2606 1099 2663 par·
1113 2591 1193 2647 ’Atra
1212 2614 1258 2661 pro

69 2673 166 2733 riculae
190 2670 300 2751 μένοι
321 2690 374 2745 pro
395 2665 433 2733 dd
453 2668 560 2743 accipi,
584 2675 617 2726 ut
636 2671 663 2727 ιί
683 2670 861 2745 quisdicat:
888 2667 1010 2753 μικρὸν
1029 2667 1099 2748 μέν,
1150 2664 1191 2717 ‘55-

68 2749 147 2820 ἀλλὰ
169 2749 278 2818 καλόν.
320 2752 355 2813 ld
377 2754 401 2812 ei
421 2760 500 2811 recte
514 2752 660 2853 accipitur,
680 2773 782 2813 verum
797 2760 858 2829 cet3
879 2754 907 2813 ei
921 2754 1009 2827 fatuo,
1028 2776 1101 2837 eane
1115 2761 1147 2817 1⁵.
1165 2768 1192 2815 ².

65 2860 240 2915 perversum.
279 2835 348 2897 Non
361 2838 442 2896 euim
455 2842 551 2919 pateat
564 2832 650 2898 αλλὰ
665 2837 805 2912 particule
821 2839 865 2898 ric
878 2838 1022 2914 usurpari,
1039 2841 1100 2899 nini

66 2925 183 2999 gravior
203 2920 343 2995 quaedam
362 2922 507 2995 oppositio
528 2916 680 2977 interduo
699 2922 851 2987 enuntiata
869 2920 1041 2996 intercedit,
1057 2924 1100 2981 ita

65 3016 92 3065 ut
114 3004 192 3083 qnod
212 3008 243 3065 in
266 3004 357 3066 altero
377 3005 508 3063 membro
525 3007 659 3077 negatur,
680 3001 850 3061 adtinuetur
870 3003 904 3062 in
924 3004 1028 3077 altero,
1050 3014 1100 3061 aut

66 3094 178 3149 omnino
200 3090 328 3149 actiones
345 3090 426 3148 inter
446 3106 479 3147 ec
500 3085 663 3144 contrariae
679 3093 900 3159 componantur.
927 3083 978 3146 Sic
991 3089 1025 3144 in
1037 3082 1101 3144 Ho-

65 3176 133 3235 meri
149 3174 259 3235 lliodon
279 3174 356 3233 libro
373 3165 465 3231 xvi.
486 3189 516 3229 r.
536 3171 599 3227 239
622 3188 667 3242 eq.

175 3284 266 3347 Αὖιὸς
281 3284 337 3359 μὲν
354 3283 409 3357 γὰρ
426 3280 480 3354 ἐγώ
498 3284 590 3355 μενέω
609 3281 684 3349 νηῶν
700 3280 732 3335 ἐν
749 3277 856 3360 dyoim,

177 3352 236 3410 ἀλλ’
257 3354 357 3427 troppo
374 3357 485 3424 πέμπω,
503 3352 618 3407 πολέσιν
634 3344 704 3419 μετὰ
722 3348 960 3422 Μυρμιδονεσσιν,

175 3419 361 3497 μάρνασθαι,

64 3550 117 3605 quo
140 3530 174 3591 in
198 3528 265 3589 loco
289 3526 357 3589 ideo
377 3532 517 3605 nourpata
536 3521 678 3600 particula
700 3508 787 3584 ἀλλὰ
809 3527 871 3596 eet,
899 3528 931 3579 ut
955 3506 1121 3599 oppositio¹

61 3614 119 3689 itta,
139 3633 217 3691 qnae
237 3606 443 3691 interponito
465 3618 495 3669 ιι
515 3604 640 3687 πέμπω
662 3600 828 3679 intercedit,
849 3607 943 3680 magia
965 3618 1104 3680 appareat

61 3709 143 3772 utque
155 3705 265 3759 exstat.
304 3692 384 3755 Num
394 3688 501 3772 μενέω
517 3698 546 3750 et
557 3687 693 3767 πέμπω,
713 3697 746 3747 ιιι
757 3689 875 3765 negatio
887 3694 916 3748 et
929 3688 1105 3764 adfirmatio,

59 3784 134 3841 inter
153 3801 187 3842 ee
210 3778 362 3841 differunt.
404 3776 517 3836 Eadem
538 3777 612 3833 ratio
631 3774 782 3833 astatium
803 3774 867 3833 eine
885 3772 954 3857 ¹ioci,
975 3774 1027 3848 qui
1044 3776 1105 3833 iam

60 3866 94 3926 ab
115 3865 180 3927 aliie
203 3886 258 3941 pro
279 3862 417 3937 exemplo
437 3869 482 3921 eet
502 3864 669 3933 usurpatus,
688 3857 799 3917 iliados
817 3857 871 3918 lib.
891 3854 917 3917 I.
938 3877 968 3919 ι.
985 3864 1026 3915 22
1040 3878 1104 3933 eqq.

186 3972 264 4032 Ἔνθ’
281 3971 361 4030 citior
401 3973 432 4027 ir
451 3968 552 4031 πάντες
568 3966 770 4056 ἐπευωήμησαν
783 3967 897 4053 Urguent,

192 4046 338 4101 mortuom
357 4050 377 4097 a
403 4044 490 4127 laprio,
509 4042 557 4094 καὶ
574 4040 665 4106 ιιγιαιι
683 4040 784 4123 {quim
800 4049 920 4121 αποιζα·

194 4112 252 4169 art
273 4112 325 4169 οὐκ
341 4110 465 4187 'Arpctdp
481 4110 667 4180 Λμωμέμιωνι
686 4107 788 4171 patara
805 4112 889 4175 arpa
910 4104 965 4159 κιὶ.

58 4216 165 4295 Neque
195 4220 276 4279 enirn
302 4220 330 4281 ni
350 4216 498 4277 Homerus
525 4221 638 4273 tautum
662 4208 828 4287 significare
847 4209 1005 4286 roluieeet,
1034 4209 1105 4287 quid

56 4302 171 4365 Achaei
194 4306 310 4381 egerint
330 4310 361 4362 at
381 4300 453 4377 qnid
474 4300 568 4375 egerit
589 4292 795 4371 Agamemno,
824 4294 995 4371 particulam
1016 4286 1104 4357 ἀλλὰ

56 4385 121 4449 hnic
151 4388 219 4449 loco
246 4386 442 4462 adhibuisset,
470 4382 522 4444 ned
548 4382 642 4443 voluit
670 4386 756 4455 poeta
775 4377 831 4439 lroc
853 4377 966 4519 pipere,
994 4386 1104 4439 ceteroo
