2850 4842
305 483 371 553 436
755 472 882 561 δῆτα.

309 676 345 715 co
371 652 470 709 miuus
498 643 664 706 maantam
683 640 796 720 videri,
827 640 905 719 quod
936 631 1011 704 εἴθε
1042 638 1079 701 ab
1105 640 1208 701 eadem
1234 642 1357 719 origiue

309 736 427 796 ductam
455 731 576 806 dicitnr,
608 727 688 803 quod
718 730 777 785 iam
804 726 984 801 compararit
1009 722 1210 801 Hertuugiuc,
1242 735 1275 785 et
1299 720 1360 808 δὴ-

310 822 423 883 fronde
452 814 553 876 codam
582 811 666 871 modo
687 832 742 887 pro
764 802 937 893 δήπουθεν
959 811 1109 869 invenitur
1129 810 1208 884 apud
1229 807 1359 868 Annam

311 903 415 963 Cornu.
445 920 474 973 p.
503 902 574 956 408.
602 892 637 954 G.
663 906 693 954 et
720 896 818 969 ipsurn
845 891 950 969 affec,
979 902 1011 950 ut
1037 893 1168 967 videtur,
1198 912 1216 951 a
1244 892 1359 951 Tzetca

261 1029 264 1035 -
311 988 376 1045 bist.
402 982 437 1056 l,
467 984 538 1039 892.
566 987 736 1053 usurpatum
764 984 819 1040 est.
870 917 1053 1035 d’osterioras
1083 978 1162 1035 euim
1193 979 1358 1051 scriptores

312 1069 473 1127 doctrinam
495 1062 538 1121 in„
553 1064 618 1121 eius
639 1060 717 1120 ruodi
738 1062 826 1120 rebus
848 1068 994 1118 ostentare
1016 1060 1160 1129 solebant,
1184 1059 1253 1119 vido
1275 1058 1358 1119 Har·

314 1151 444 1225 tunginrn
467 1146 526 1206 vol.
556 1144 580 1204 Ι.
609 1167 638 1220 p.
668 1150 739 1202 318.
769 1142 806 1202 L.
829 1142 966 1201 Diodori.
992 1145 1021 1201 iu
1044 1142 1084 1200 H.
1108 1140 1254 1215 Stephani
1282 1145 1358 1201 'l'lre-

313 1252 399 1293 atrrrro
424 1235 474 1290 Gr.
496 1230 609 1306 linquae
629 1229 687 1290 rol.
710 1226 750 1287 ll.
779 1250 809 1303 p.
835 1232 924 1285 1041.
949 1226 986 1284 D.
1011 1248 1037 1302 p.
1063 1230 1151 1290 1053.
1175 1225 1216 1285 A.

775 1434 911 1519 Δῆτω

399 1562 468 1623 Non
500 1567 597 1635 polest
628 1556 747 1616 dubium
779 1578 859 1632 csse,
897 1559 969 1632 quin
1002 1554 1085 1639 δῆτα
1116 1556 1258 1630 particule
1298 1560 1360 1631 ipsa
1419 1572 1420 1607 l

317 1668 434 1725 quoquc
456 1667 474 1703 a
494 1642 637 1719 particula
658 1637 697 1725 δὴ
722 1642 805 1699 ducat
828 1642 989 1717 originem,
1010 1650 1041 1697 nt
1064 1650 1171 1699 tautum
1193 1638 1282 1697 modo
1307 1640 1361 1697 hoc

318 1729 515 1805 quaerendum
538 1747 603 1785 esse
632 1726 781 1799 rideatur,
813 1724 889 1782 unde
916 1726 1029 1783 venerit
1055 1745 1130 1797 quae
1154 1724 1294 1781 adiuncta
1321 1736 1359 1783 est

318 1817 360 1877 ἰῖκ
390 1812 514 1888 syllaba.
558 1809 632 1867 Eam
666 1829 722 1885 ego
754 1828 842 1882 supra
865 1829 895 1881 p.
920 1812 971 1865 29.
994 1806 1056 1865 dixi
1080 1828 1144 1866 esse
1166 1810 1285 1881 generis
1312 1805 1360 1864 de·

319 1894 503 1955 monstratiri
531 1892 705 1965 adferreque
727 1890 873 1965 quandam
896 1890 1148 1950 demonstrationis
1169 1890 1360 1965 significatio·

256 2000 260 2007 ’
319 2000 397 2039 uem.
445 1974 481 2034 ld
510 1994 564 2051 ego
592 1994 669 2033 nunc
695 1996 757 2033 nou
779 1974 943 2048 comprobo.
985 1972 1061 2033 Nam
1084 1976 1215 2033 etiamsi
1238 1973 1273 2031 de
1298 1976 1363 2047 ipsc

320 2060 552 2139 significatione,
574 2078 663 2130 quam
684 2055 773 2116 hahet
795 2057 871 2116 facta
890 2057 1028 2133 particula
1051 2054 1148 2139 δῆτα,
1171 2058 1260 2115 etiam
1281 2077 1363 2114 nunc

320 2150 353 2206 in
374 2143 475 2205 eadem
496 2143 640 2202 sententia
662 2162 740 2216 sum,
764 2149 860 2199 tamen
881 2141 968 2200 credo
989 2162 1043 2219 ego
1059 2142 1117 2199 alio
1135 2138 1361 2215 quodammodo
1421 2188 1422 2191 ,

322 2250 387 2289 earu
408 2226 650 2302 significationem
671 2222 852 2299 adsumptam
873 2246 936 2283 essa
958 2246 974 2281 a
999 2225 1156 2299 particula,
1187 2234 1274 2297 alque
1296 2226 1362 2282 istic

321 2311 420 2376 statui.
463 2308 718 2369 Animadvertisse
744 2310 822 2367 euim
842 2306 915 2366 mihi
936 2308 1039 2367 videor
1060 2329 1120 2366 uon
1141 2307 1178 2365 ad
1197 2327 1363 2382 pronomen

237 2398 242 2413 “
322 2396 583 2456 demonstrativum
604 2394 753 2466 pertinere
773 2390 856 2449 illam
878 2392 1023 2467 syllabam
1045 2394 1119 2465 fn,
1135 2389 1186 2450 aed
1206 2392 1305 2467 potius
1329 2388 1363 2449 ad

322 2498 486 2556 pronomen
512 2474 707 2535 indefinitum.
750 2473 840 2552 Quod
867 2484 896 2533 ct
923 2496 994 2536 usus
1020 2484 1049 2535 et
1071 2476 1145 2535 ratio
1168 2477 1233 2549 ipsa
1256 2476 1362 2533 confir·

322 2582 405 2621 mnrc
427 2559 551 2620 videtur.
592 2558 641 2617 Ac
664 2557 702 2618 dc
724 2560 838 2617 ratione
861 2557 980 2633 quidem
1000 2561 1043 2619 nic
1066 2556 1181 2617 habeto.
1220 2554 1363 2616 Vidimus

324 2644 361 2703 ad
382 2642 552 2719 perticulam
574 2635 614 2724 δὴ
639 2662 702 2699 curu
724 2662 885 2717 pronomen
908 2641 1093 2701 indefinitum
1122 2642 1270 2716 lubenter,
1304 2650 1365 2699 turn

323 2726 480 2803 particular
506 2726 542 2782 ab
571 2723 675 2783 eadem
701 2732 751 2782 aut
773 2726 863 2785 simili
888 2728 1001 2801 origiue
1028 2724 1125 2784 ductas
1146 2723 1364 2799 adhaerescere,

274 2839 278 2845 ¹
326 2822 358 2868 ut
379 2802 419 2891 δὴ
444 2828 512 2883 τις,
544 2798 585 2891 δή
607 2826 658 2882 τι,
690 2800 730 2891 δή
753 2828 822 2885 τοι,
851 2800 891 2893 δή
921 2830 988 2872 που
1020 2820 1049 2868 et
1071 2830 1146 2885 quae
1167 2816 1235 2867 sunt
1255 2810 1366 2867 similia

325 2894 473 2967 dicantur,
504 2910 564 2964 quo
588 2892 677 2950 etiam
705 2890 859 2966 quadrabit
886 2891 961 2950 illud
988 2888 1089 2975 δῆτα,
1121 2894 1147 2953 si
1172 2895 1366 2967 posteriorem

325 2976 473 3053 syllabam
498 2994 667 3034 revocamus
692 2974 730 3034 ad
757 2996 917 3051 pronomen
946 2974 1146 3051 indefinitum,
1175 2976 1253 3050 quod
1284 2986 1366 3035 recta

326 3062 392 3119 lieri
414 3078 499 3135 posse
521 3058 645 3118 videtur.
687 3058 756 3117 Non
776 3061 856 3117 enim
875 3058 1000 3118 dubitari
1021 3070 1133 3135 puteat,
1156 3061 1226 3134 quin
1249 3072 1380 3135 praeter¹

327 3139 396 3217 τίς,
427 3133 535 3215 τινός,
562 3136 645 3217 τινί,
676 3134 750 3204 τινά
774 3144 862 3201 etiam
892 3142 952 3200 alia
972 3142 1066 3203 foruna
1092 3146 1154 3202 eius
1181 3145 1366 3217 pronominis

328 3230 449 3300 antiquo
475 3234 607 3299 tempore
633 3227 665 3283 in
690 3246 745 3284 usu
769 3224 877 3300 luerit,
905 3246 980 3301 quae
1009 3228 1063 3285 suit
1086 3220 1160 3302 τός,
1189 3226 1265 3285 uude
1293 3220 1365 3297 tori,

328 3303 388 3393 τῴ,
421 3328 460 3368 ex
491 3328 551 3381 quo
578 3302 632 3369 coi
656 3308 816 3385 particula,
849 3310 873 3367 ai
903 3328 938 3368 ea
959 3317 1004 3369 cst
1025 3310 1175 3385 enclitica,
1205 3308 1289 3367 ducta
1310 3322 1365 3383 est,

328 3394 475 3451 manserit.
518 3388 569 3449 Ab
595 3389 650 3449 hac
677 3390 772 3451 forma
795 3394 883 3451 etiam
911 3392 985 3451 illud
1007 3398 1048 3454 ἴα
1070 3394 1185 3452 videtur
1206 3394 1366 3467 profectum

326 3496 409 3551 esse,
436 3485 469 3534 ut
497 3472 529 3533 id
555 3473 686 3534 adverbii
706 3477 801 3534 vicem
821 3474 926 3535 habeat
943 3486 1105 3553 augeatque
1126 3480 1188 3535 vim
1210 3472 1250 3561 dr}
1272 3479 1366 3551 parti·

289 3633 293 3639 Ι
326 3558 418 3618 culae.
464 3555 512 3615 'Et
539 3557 577 3616 de
608 3560 723 3617 ratione
745 3558 864 3634 quidem
885 3557 1034 3618 hactenus.
1076 3559 1145 3621 Non
1167 3562 1263 3618 minus
1285 3562 1366 3619 enim

326 3663 395 3701 usus
418 3651 545 3701 nostram
572 3644 716 3701 rationem
740 3645 927 3718 comprobare
950 3644 1075 3703 videtur.
1118 3642 1253 3718 Namque
1275 3644 1306 3700 iu
1330 3664 1365 3701 eo

327 3746 430 3787 omues
461 3727 662 3801 consentiunt,
698 3721 783 3811 δῆτα
810 3727 980 3801 particulam
1015 3728 1056 3785 ila
1087 3738 1234 3803 cognatam
1267 3725 1364 3783 videri

328 3830 394 3869 com
426 3801 466 3892 δὴ
487 3808 646 3883 particula,
682 3817 714 3865 ut
742 3830 842 3868 veram
874 3831 907 3869 ac
933 3812 1082 3885 propriam
1105 3812 1185 3869 illius
1206 3808 1366 3885 particulae

328 3891 569 3969 significationem
593 3893 635 3949 sic
655 3889 804 3952 adauctam
828 3892 980 3969 exhibeat,
1009 3904 1038 3951 ut
1063 3894 1289 3953 confirmationis
1313 3892 1366 3951 ali·

328 3976 400 4053 quid
429 3976 584 4033 accessisse
605 3973 747 4035 videatur.
796 3974 858 4037 lata
879 3986 974 4036 antem
999 3978 1201 4055 confirmatio,
1227 3974 1366 4052 quemad

328 4060 446 4119 ruoduur
466 4078 507 4118 ex
530 4060 705 4135 pronomina
726 4058 953 4120 demonstrativo
975 4064 1054 4120 nasci
1075 4064 1186 4139 potuit,
1210 4064 1254 4121 nic
1275 4061 1366 4135 potuit

329 4146 418 4203 etiarn
451 4162 469 4202 e
497 4145 672 4218 pronomine
699 4144 864 4203 indefinito.
911 4142 990 4203 lllud
1019 4147 1099 4203 enirn
1122 4147 1182 4205 iam
1211 4144 1368 4218 aliquoties

328 4228 535 4302 cognorimus,
556 4228 582 4285 si
604 4225 675 4302 quid
700 4248 818 4303 quoquo
839 4226 925 4289 modo
946 4249 1028 4305 ease,
1050 4229 1101 4288 scd
1122 4242 1186 4287 esse
1207 4238 1305 4287 tamen
1327 4228 1369 4286 di·

326 4318 424 4383 catur,
451 4307 485 4368 id
511 4311 619 4370 certius
647 4312 708 4373 iam
730 4332 797 4375 esso
817 4312 925 4374 videri.
967 4310 1013 4372 lta
1038 4314 1126 4373 etiarn
1147 4309 1233 4393 δῆτα
1255 4310 1370 4373 ridetur
