2850 4842
302 428 334 477 x
704 394 970 472 Praefatio.

296 602 503 701 Ἄνθρωποι
540 600 580 673 δ’
607 603 645 672 ἐν
677 609 748 671 τῶν
780 608 903 691 τειχῶν
927 605 975 702 τῇ
1001 592 1129 671 ἁλύσει
1155 597 1346 673 ἀπέθανον

302 718 364 797 καί
400 715 653 819 ἐζωγρήθησαν
691 713 813 791 πολλοὶ
852 712 913 789 καί
950 713 1121 817 χρήματα
1155 711 1273 791 πολλὰ
1301 713 1346 791 τύ

302 837 491 933 ξύμπαντα
528 834 633 909 ἑάλω·
668 863 714 925 ως
743 862 783 907 τε
808 859 877 933 γαρ
901 834 1053 932 ταμιείῳ
1069 838 1260 935 χρωμένων
1283 848 1349 908 τῶν

304 951 507 1056 Ἀθηναίων
530 964 607 1043 τοῖς
630 954 759 1048 τείχεσι
783 945 896 1026 πολλοὶ
919 950 987 1047 μὲν
1003 950 1167 1053 ἐμπύρων
1180 951 1347 1054 χρήματα

305 1073 367 1149 καί
394 1084 492 1161 οῑτος
518 1076 601 1172 ἐνῆν
625 1078 718 1159 ure,
745 1073 974 1172 dissenserat
993 1097 1016 1146 a
1035 1096 1099 1145 me
1126 1074 1176 1144 de
1201 1099 1250 1147 oo
1267 1075 1347 1147 loco

303 1196 343 1268 in
372 1194 507 1290 Suppl.
527 1201 564 1264 et
590 1192 678 1265 add.
697 1192 747 1265 ad
766 1191 1034 1285 Thucydidem
1060 1216 1098 1289 p.
1114 1190 1182 1265 IV.
1210 1218 1246 1291 p.
1265 1192 1346 1264 542.

307 1312 492 1387 Ernestus
529 1313 684 1409 Poppo‚
729 1309 795 1407 qui
836 1332 1119 1407 perpaucorum
1161 1310 1347 1384 librorum

305 1430 557 1529 scripturam:
594 1424 660 1499 ἅτε
695 1421 765 1527 γὰρ
789 1426 940 1524 ταμιείῳ
962 1429 1147 1528 χρωμένων
1175 1434 1269 1513 uri„
1299 1430 1347 1502 ita

304 1557 445 1623 tutatus
467 1557 546 1642 est,
580 1556 621 1622 ut
647 1541 712 1619 δτε
738 1547 788 1621 ad
808 1547 993 1645 χρεωμένων
1016 1547 1217 1645 pertinere
1250 1548 1346 1620 ‹lice-

305 1676 375 1741 ret.
440 1666 563 1764 Spero
599 1690 690 1766 ogo,
731 1666 912 1763 quoniam
938 1667 1195 1763 potissmnum
1231 1666 1278 1739 de
1309 1660 1346 1734 τὲ

306 1779 375 1884 γὰρ
400 1784 593 1883 particulis
620 1784 976 1883 dubitavitPoppo‚
1003 1809 1068 1858 me
1094 1786 1188 1858 sotis
1214 1784 1344 1859 secisse

305 1906 392 1977 viro
419 1903 569 2003 egregio
595 1903 662 1994 iis,
693 1926 792 1997 (prae
821 1904 1008 2003 disputavi
1029 1904 1107 1976 vol.
1133 1905 1187 1977 11.
1213 1929 1251 2000 p.
1273 1901 1343 1973 7‘49

307 2048 417 2119 sqq„
454 2029 497 2095 ut
531 2022 578 2093 de
609 2011 681 2094 hoc
714 2022 868 2118 quidem
895 2046 940 2095 re
964 2046 1043 2096 non
1066 2021 1247 2096 videatur
1272 2044 1343 2092 am·

306 2140 409 2240 plius
437 2141 626 2239 agendum
652 2164 735 2215 esse
760 2140 834 2215 hoc
858 2141 953 2216 loco.

409 2260 460 2333 Ut
495 2259 567 2333 alio
592 2268 760 2353 taceam,
799 2240 897 2356 qirae
922 2258 1085 2332 fortasse
1110 2278 1341 2330 commemo-
1410 2267 1412 2294 ¹

307 2378 387 2452 rari
401 2377 546 2476 possint
560 2378 635 2451 hoo
651 2379 750 2471 loco,
759 2387 922 2477 poterat,
931 2388 973 2451 ut
986 2378 1136 2475 opinor,
1147 2402 1186 2473 p.
1195 2373 1340 2466 eosq,

307 2497 375 2568 ubi
417 2497 465 2569 de
506 2498 633 2569 torma
675 2498 771 2597 δῆθε
804 2497 1016 2596 explicavi,
1054 2493 1203 2569 adferri
1231 2491 1340 2564 etiem

308 2614 450 2687 Medea
471 2614 683 2714 ,Euripidis
723 2640 763 2689 v.
805 2614 884 2691 784
912 2640 971 2713 sq.
1012 2614 1074 2688 ed.
1113 2636 1243 2703 meae,
1280 2606 1339 2680 ubi

310 2756 428 2828 quom
453 2732 502 2806 ad
525 2734 645 2808 verba
669 2734 786 2807 haecz

414 2880 550 2968 Πὲμψω
571 2882 635 2972 γὰρ
658 2880 780 2963 αύτούς
801 2877 883 2971 δῶρ’
908 2878 1043 2964 ἔχοντας
1063 2878 1098 2948 ἐν
1115 2882 1240 2967 χεροῖν,

416 2977 529 3073 νύμφῃ
551 2984 716 3073 φέροντας
736 2982 833 3072 τήνδε
853 2982 899 3071 μὴ
914 2979 1060 3070 ’φεύγειν
1078 2975 1197 3063 χθόνα.
1204 3026 1215 3056 ,

308 3133 555 3232 adscripserit
576 3134 869 3211 Scholiastaz
893 3130 1075 3233 Γρύρεται
1101 3132 1245 3231 δῆθεν
1267 3123 1339 3224 μή,

309 3243 405 3354 ἰ’ν’ᾖ
442 3250 524 3324 οἷντί
555 3264 621 3328 τοῦ
646 3251 802 3354 ὡς’δή,
838 3253 1170 3352 παραιτησομένους
1194 3241 1260 3347 τὴν
1283 3270 1339 3343 ρο

308 3366 385 3467 μήν.
446 3373 604 3445 Τιδέασι
638 3366 707 3472 γὰρ
737 3369 781 3445 τὸ
818 3374 966 3471 δῆθεν
992 3364 1074 3441 ἀντὶ
1099 3376 1166 3439 τοῦ
1190 3362 1244 3455 ιδς
1267 3356 1339 3457 δύο

307 3512 385 3560 nou
418 3488 525 3565 abest
556 3494 720 3591 suspicio
757 3492 851 3591 quin
883 3490 977 3564 olim
1007 3488 1190 3587 scripttun
1213 3480 1338 3556 fuerit:

412 3636 524 3729 νύμφῃ
547 3640 711 3729 φέροντας
733 3642 820 3728 δῆθε
841 3664 887 3725 μη
910 3636 1045 3728 φεύγειν
1064 3634 1185 3721 χθόνα.

231 3814 235 3821 ’
309 3792 388 3866 Sed
418 3817 536 3890 quom
571 3794 715 3867 incerta
747 3794 839 3866 sotis
872 3816 936 3865 res
970 3791 1041 3884 sit,
1081 3815 1159 3863 non
1186 3786 1339 3860 multum

307 3912 426 3984 tribui
460 3919 585 4010 potest
613 3913 675 3986 isti
706 3911 926 4009 suspicioni.
982 3908 1040 3984 ef.
1074 3932 1174 4006 quae
1194 3904 1271 3979 dixi
1294 3899 1338 3973 ad

307 4052 397 4103 eum
421 4031 548 4127 ipsum
571 4032 699 4107 locum
725 4033 765 4106 in
791 4031 958 4104 editione
986 4027 1209 4128 Pssugkiaua
1232 4024 1334 4098 altera

307 4173 345 4243 p.
373 4149 422 4219 85
450 4174 505 4245 srp
