2850 4842
673 459 793 553 ’ἀλλὰ
819 463 889 548 μέν
916 487 994 531 sot.

603 680 770 749 ’Atta
821 680 921 766 μέν
974 704 1079 749 τοι.
1196 668 1202 673 ’

154 838 235 895 Ἀλλὰ
250 840 306 913 μέν
406 834 570 895 Particulae
596 827 680 898 ἀλλὰ
705 830 768 916 μέν
794 857 865 913 τοι,
894 856 969 910 quae
996 838 1062 912 ipsa
1083 842 1187 895 natura
1209 856 1263 897 sua
1288 836 1360 896 nihil

205 926 256 966 ¹⁰¹·
323 917 403 981 sliutl
424 918 533 995 meunt,
553 921 612 978 nisi
632 917 705 978 hoc:
735 921 775 977 At
788 939 858 979 aare
872 938 981 997 quoquo
995 920 1078 980 ntorlo
1102 954 1140 965 -
1163 942 1234 979 nam
1249 921 1284 979 de
1297 942 1360 995 par·

322 1004 410 1063 ticula
435 1000 487 1066 τοὶ
513 1005 572 1062 iam
601 1023 691 1077 supra
714 1002 861 1077 vidimus,
892 1023 967 1077 quae
993 1003 1152 1079 respondet
1171 1002 1283 1063 Latino
1305 1007 1359 1080 qui,

323 1087 402 1162 quod
423 1093 466 1146 est
486 1106 514 1145 e.
535 1108 565 1163 g.
588 1088 619 1143 in
640 1086 781 1160 particula
802 1088 896 1163 utqui,
926 1088 947 1143 i.
969 1107 996 1145 e.
1018 1096 1049 1145 ot
1070 1108 1179 1165 quoquo
1202 1088 1302 1157 ιιιοᾶο,
1332 1094 1360 1144 ut

321 1170 409 1245 istud,
432 1168 509 1245 quod
526 1190 582 1245 per
597 1169 811 1228 adversativam
830 1168 1063 1229 adfirmatiouem
1085 1162 1187 1247 [ἀλλὰ
1201 1167 1278 1247 μὲν]
1297 1191 1359 1245 pro-

318 1256 486 1329 nuntiatur,
507 1254 633 1327 quodam
644 1251 739 1325 ,ruodo
759 1273 814 1328 per
834 1254 1005 1327 particulam
1026 1248 1078 1315 τοὶ
1098 1257 1299 1329 restringatur,
1322 1255 1359 1311 ita

320 1348 416 1401 tamea
435 1348 468 1395 ut
488 1358 549 1395 non
569 1346 732 1396 coerceatur
752 1338 845 1412 notio,
866 1335 917 1395 setl
938 1346 1049 1396 tantum
1070 1338 1228 1411 iudicetur,
1248 1338 1358 1396 remita

318 1443 391 1482 sans
421 1441 504 1497 esse,
536 1422 622 1480 etiam
647 1423 675 1480 si
703 1420 741 1479 tle
766 1422 831 1494 ipsa
858 1424 971 1480 ratione
993 1442 1051 1497 qua
1071 1424 1108 1480 sit
1129 1434 1179 1479 aut
1199 1423 1254 1495 fiat
1281 1415 1358 1495 (col,

319 1506 377 1579 uus
398 1506 497 1581 irpestl
524 1510 584 1564 eine
617 1509 725 1574 Weisc,
765 1511 797 1561 ut
824 1508 947 1580 tat-qui,
984 1506 1050 1563 aber
1076 1504 1357 1581 pemissermunaaen)

319 1609 381 1647 uon
403 1594 514 1647 constet
534 1623 571 1634 -
592 1588 661 1647 illae
682 1590 773 1663 igitur
792 1587 949 1661 particulae
972 1608 1061 1661 quom
1081 1608 1177 1664 perse
1193 1587 1271 1649 nilu'l
1285 1586 1357 1644 aliutl

320 1671 535 1750 significarent,
560 1673 620 1729 nisi
641 1680 672 1728 at
691 1690 761 1728 sune
780 1670 902 1747 quidem,
928 1692 1000 1729 mox
1021 1680 1116 1730 tamen
1137 1693 1228 1745 quom
1248 1692 1357 1744 compo·

320 1757 393 1814 sitae
413 1757 490 1815 iuter
511 1775 545 1816 ae
566 1761 664 1813 essent
687 1763 774 1829 atque
795 1761 1019 1829 coagmentatae,
1041 1754 1117 1812 nihil
1134 1758 1194 1814 nisi
1215 1758 1357 1815 fortiorem

273 1860 281 1877 a
321 1837 466 1914 quantlatu
490 1840 699 1914 oppositionem
722 1840 772 1911 (ut
791 1836 856 1895 lere
878 1841 984 1896 uostris
1005 1839 1153 1913 particulis
1178 1839 1248 1897 ulcr
1267 1843 1295 1897 is
1313 1837 1356 1895 der

260 1929 266 1936 “
323 1924 399 1983 wint
422 1923 493 1981 ‹loclt
517 1920 744 1996 responderent)
768 1921 935 1979 iudicabant
957 1932 987 1981 et
1007 1919 1115 1981 Latine
1139 1922 1260 1997 quidem
1280 1918 1356 1979 retltli

319 2014 454 2085 poterant
481 2006 530 2065 aetl
555 2005 812 2081 profanatorum,
839 2024 936 2063 aarum
957 2014 1068 2075 tontes,
1102 2015 1151 2064 aut
1171 2027 1246 2065 voce
1266 2006 1355 2077 aliqua

319 2090 491 2165 interposita
518 2088 568 2146 ssd
597 2122 634 2133 -
663 2096 758 2145 tontes
783 2086 909 2163 profecto
935 2097 986 2147 eto.
1028 2087 1080 2147 sie
1102 2101 1201 2148 autem
1221 2088 1275 2148 hae
1295 2106 1354 2162 par·

321 2174 426 2234 ticulae
451 2180 608 2247 usurpatae
636 2177 722 2245 sunt,
751 2178 783 2227 ut
810 2180 858 2228 aut
887 2171 930 2247 atll
946 2173 1112 2232 universam
1135 2174 1354 2233 enuntiationem

304 2262 484 2335 ‘spmtaisnt
504 2264 554 2314 eut
575 2255 753 2330 singularem
774 2256 982 2315 enuntiationis
1002 2269 1113 2332 partem
1137 2257 1280 2317 efferrent.
1321 2251 1353 2312 Si

321 2342 397 2404 illud
419 2350 474 2417 est,
497 2341 666 2399 coniunctae
687 2337 826 2414 leguntur
844 2328 928 2401 ἀλλὰ
947 2337 1007 2419 μέν
1028 2362 1088 2411 τοι,
1111 2343 1137 2401 si
1155 2341 1192 2399 ad
1212 2340 1353 2415 singulare

321 2429 444 2488 verbum
463 2427 557 2499 magis
573 2431 714 2498 spectant,
736 2419 792 2481 ltoc
803 2425 956 2482 verborum
969 2425 1156 2484 collocatione
1168 2426 1203 2483 ab
1218 2425 1275 2484 illis
1290 2443 1353 2497 par-
1411 2476 1412 2503 p

323 2509 420 2568 ticulis
449 2506 631 2565 circumcludi
664 2505 747 2565 solet.
801 2504 853 2565 Sic
879 2510 969 2584 igitur
996 2511 1028 2566 iu
1058 2506 1187 2568 Platonis
1216 2510 1287 2567 libro
1312 2510 1353 2562 Dr

321 2613 354 2654 rr
371 2592 484 2669 publico
503 2588 543 2648 ll.
564 2587 644 2648 Part.
665 2586 721 2648 lll.
743 2590 802 2650 vol.
824 2588 848 2649 l.
868 2613 898 2666 p.
920 2598 970 2653 90.
993 2592 1039 2653 etl.
1061 2590 1160 2653 Beki.
1181 2616 1213 2668 p.
1232 2594 1299 2651 375.
1321 2586 1351 2647 G.

221 2736 227 2747 ,
322 2675 369 2737 erl.
396 2671 438 2731 Η.
460 2671 566 2748 steph.
592 2682 668 2733 recte
695 2672 817 2733 dicitur:
854 2668 958 2737 Ἀλλὰ
987 2674 1048 2754 μέν
1069 2698 1123 2739 τοι
1144 2674 1196 2740 δεῖ
1217 2696 1253 2757 ya
1272 2667 1353 2753 πρὸς
1411 2724 1412 2735 ι

321 2754 382 2841 μὲν
409 2750 658 2832 collactaneos
685 2751 816 2844 πρᾴους
843 2750 962 2833 αὐτοὺς
988 2749 1090 2831 εἶναι,
1118 2756 1207 2845 πρὸς
1229 2756 1263 2822 δὲ
1282 2751 1352 2829 τοὺς

322 2834 506 2919 πολεμίους
545 2833 722 2918 χαλεπούς.
785 2838 831 2900 lbi
876 2846 953 2902 euim
996 2863 1129 2903 concesso
1173 2845 1264 2903 altero
1297 2840 1352 2898 rolt

322 2923 457 2986 Socrates
492 2924 665 2985 adfirmare:
712 2929 815 2985 Verum
851 2935 946 2987 tamen
980 2937 1088 3003 oportet
1122 2948 1192 2987 sone
1229 2928 1352 2986 aduersus

321 3018 433 3071 nocuos
453 3012 562 3089 quidem
584 3013 665 3067 orites
686 3029 740 3069 sos
765 3029 823 3069 esee
844 3019 894 3069 cto.
934 3008 1079 3071 Similiter
1099 3013 1131 3069 in
1151 3008 1351 3084 Xenophontis
1410 3038 1411 3071 ;

321 3094 482 3171 Disciplina
504 3096 569 3165 cyri
591 3092 643 3151 lib.
665 3089 689 3151 l.
712 3114 773 3167 cap.
794 3100 822 3153 6.
845 3098 874 3166 §.
896 3099 947 3152 24.
971 3094 1140 3154 adfirmatur
1162 3094 1273 3169 aliquid
1295 3111 1351 3149 curn

321 3179 505 3254 oppositione
525 3175 574 3236 his
595 3178 710 3236 verbis:
738 3168 841 3239 >itte
862 3174 923 3255 μέν
940 3199 993 3240 τοι
1008 3173 1067 3241 ἐπί
1081 3200 1117 3259 pe
1130 3173 1167 3241 τὸ
1182 3176 1351 3261 φιλεῖσθαι

321 3254 389 3324 ὑπὸ
420 3262 486 3323 τῶν
519 3251 706 3341 ἀρχομένων
738 3294 776 3304 -
810 3258 911 3343 δῆλον
942 3256 997 3323 ὅτι
1026 3254 1046 3347 ἡ
1075 3254 1157 3348 αὐτὴ
1189 3251 1268 3335 ὁδὸς
1293 3249 1350 3319 aaa·

322 3341 431 3403 Contra
458 3346 646 3419 interposita,
676 3365 753 3419 quas
777 3346 919 3421 premitur
938 3365 1028 3421 sono,
1056 3366 1128 3405 voce
1148 3345 1251 3404 dicitur
1272 3360 1350 3415 saepe

321 3448 441 3486 numero
463 3418 548 3490 ἀλλὰ
563 3462 601 3474 -··
615 3423 741 3505 μέντοι,
757 3437 791 3489 ut
809 3431 840 3488 iu
860 3426 1016 3505 Sophoclis
1030 3430 1185 3489 Pltitootetu
1200 3450 1230 3493 r.
1242 3430 1300 3489 524
1311 3446 1350 3499 sq.

319 3519 474 3587 postquam
493 3510 599 3572 chorus
620 3512 712 3570 dixit:
1101 3530 1103 3535 ·

504 3640 630 3697 Ἦκισια.
660 3641 728 3698 τοῦτ’
750 3640 800 3697 οὐκ
818 3642 874 3699 ἔσθ’
895 3638 971 3705 ὅπως
986 3626 1103 3705 ποτ”εἲς
1120 3641 1170 3715 ἐμὲ

510 3707 651 3773 τοῦνειδος
666 3712 734 3773 ἕξεις
751 3712 866 3773 ἐνδίκως
883 3710 1027 3769 ὀνειδίσαι.

320 3833 416 3896 reddit
434 3832 661 3911 Neoptolemum

508 3963 574 4018 :stt
595 3962 696 4035 αἰσχρὰ
712 3966 768 4039 μέν
785 3987 827 4023 rot
844 3966 896 4021 σοῦ
912 3966 950 4037 γέ
964 3962 992 4041 μ’
1013 3965 1189 4041 ἐνδεέστερον

510 4036 579 4103 ξένῳ
597 4041 721 4106 φανῆναι
738 4032 807 4109 πρὸς
827 4034 856 4091 τὸ
874 4042 984 4111 καίριον
1000 4042 1119 4105 oronaim,

289 4147 292 4155 Ι
321 4178 381 4233 (1⁰⁸
407 4158 538 4217 01¹fi0¹¹²
559 4160 685 4224 verbnm
704 4150 825 4243 αἰσχρὰ
846 4137 1055 4237 maxumopere
1076 4157 1206 4219 effertur.
1244 4148 1347 4212 Eodem
1408 4132 1409 4155 ³

320 4240 407 4299 modo
427 4240 484 4299 lrae
503 4242 664 4315 particulae
684 4263 773 4318 saepo
793 4244 952 4321 leguntur„
965 4244 1018 4305 setl
1041 4242 1119 4321 aputl
1133 4236 1347 4314 Xenophontem

241 4372 245 4375 .
321 4322 355 4377 in
388 4322 572 4397 molitione
599 4327 666 4397 tisri
693 4325 745 4387 lib.
771 4322 846 4387 Vll.
879 4318 941 4405 cap.
971 4335 1001 4391 6.
1033 4332 1062 4403 t.
1094 4332 1163 4405 39„
1193 4324 1243 4383 uti
1270 4317 1347 4391 rotgo
