2850 4842
298 461 363 527 Μ
747 454 897 538 οὗτός.

301 632 386 705 qussi
415 648 450 689 es
469 648 528 689 uno
548 630 606 705 sit,
632 627 670 689 rie
691 648 749 703 quo
770 627 924 688 «licentium
945 631 1001 705 sit,
1029 639 1142 693 ceterae
1164 654 1212 693 res
1233 642 1352 694 tuntum

300 714 386 774 morio
409 716 584 775 accessionis
602 714 665 772 loco
687 721 843 788 ponantur
884 712 922 771 lu
946 716 1053 789 quibus
1074 717 1148 783 locis
1168 718 1236 777 ideo
1250 723 1351 795 prims

299 800 484 873 pronominis
511 792 612 871 αὐτὸς
637 797 813 873 significatio
838 796 956 857 videtur
981 801 1132 861 obscurato
1157 823 1239 872 esse,
1268 804 1352 879 qood
1418 793 1420 856 Ϊ

301 883 355 941 itta
384 884 480 941 unius·
499 884 543 940 rei
572 902 590 937 o
616 884 719 941 ceteris
745 881 892 942 distinctio
916 903 975 941 uon
996 892 1147 959 tantopere
1169 897 1285 961 exstat,
1320 896 1352 945 et
1418 895 1420 910 '

302 976 375 1039 tum,
391 966 505 1024 demum
529 969 713 1040 agnoscitur,
744 968 769 1023 si
791 969 980 1026 socurutins'
970 987 1003 1026 ιιι
1027 972 1114 1028 totins
1134 970 1192 1028 loci
1211 980 1351 1029 notorum
1418 967 1420 1030 ἓ

301 1051 445 1123 inquiras.
490 1046 610 1106 Etenim
632 1057 730 1107 mente
750 1051 824 1124 eins,
850 1053 902 1123 qni
925 1051 1072 1124 loquitnr;
1090 1074 1207 1127 semper
1227 1055 1283 1112 ilia
1303 1075 1352 1113 res
1418 1065 1420 1104 ἓ

268 1138 276 1144 ’
301 1136 340 1191 ito
362 1131 571 1206 comprehensa
593 1142 670 1207 erat,
701 1141 733 1191 ιιι
755 1154 790 1191 eo
813 1135 881 1207 ipss
901 1138 929 1194 ei
951 1156 1017 1195 esse
1039 1136 1203 1211 videretur,
1235 1148 1351 1197 ceterae
1418 1197 1420 1204 ,

302 1238 336 1277 ea
352 1215 471 1290 quidem
487 1220 607 1290 ratione,
625 1238 683 1291 qua
692 1217 825 1291 loquitur
834 1220 908 1292 ipse,
920 1218 1172 1291 posthabereutnr.
1194 1219 1237 1279 Et
1249 1223 1350 1281 multis
1418 1207 1420 1278 i

302 1300 421 1375 quidem
440 1301 513 1360 locis
540 1299 687 1359 distinctio
712 1308 777 1375 ipsa
798 1304 868 1366 sotis
889 1302 1108 1378 dectrectaret,
1130 1308 1173 1363 nti
1194 1308 1228 1364 in
1253 1310 1350 1382 primo

301 1384 376 1462 ioco,
400 1405 488 1465 quem
505 1387 603 1459 posuit
622 1384 809 1445 Hermeuuns
831 1406 872 1445 ex
889 1389 908 1443 1
912 1387 1004 1447 leodos
1024 1388 1076 1447 tib.
1089 1387 1186 1450 111.v.
1202 1397 1267 1451 281
1284 1414 1349 1466 sqq.

449 1518 484 1569 Εἰ
474 1518 555 1601 ριέν
574 1533 622 1569 κεν
640 1518 789 1570 Μενέλαον
803 1514 982 1588 Αλέξανδρος
986 1523 1170 1601 καταπίιηνη,

449 1582 529 1643 αὐτος
549 1583 634 1638 ἔπειθ’
653 1582 764 1665 Ἑλένην
781 1585 863 1663 ὲγέτω
882 1589 928 1637 καλ
946 1606 1068 1670 κτημαιιι
1085 1586 1184 1656 πάντα,

448 1650 573 1723 ἡμεῖςιλ’
596 1655 626 1707 ἐν
643 1648 738 1721 νήεσσι
757 1641 886 1723 νεωμεθα
903 1652 1118 1729 ποντοπόροισιν
1136 1658 1191 1712 xri.

303 1798 361 1852 quo
390 1779 422 1835 in
449 1775 513 1834 loco
536 1775 603 1835 ideo
627 1774 814 1835 Alexander
826 1776 930 1836 dicitnr
953 1758 1069 1852 curig,
1101 1778 1212 1852 quod'
1202 1799 1273 1855 rpse
1296 1790 1350 1854 est,

303 1864 354 1936 qui
383 1861 577 1933 interfecerit,
605 1862 633 1918 ei
659 1868 756 1928 eutem
785 1880 857 1919 mox
882 1872 1070 1935 opponuntur
1099 1884 1201 1923 omnes
1225 1863 1347 1941 Argivi,

302 1966 367 2003 com
396 1944 516 2003 dicitur:
554 1934 711 2025 ἡμεῖςιῩ
742 1939 777 2006 ἒν
801 1937 916 2027 νήεσσι
943 1938 1099 2023 acupieta
1127 1940 1192 2011 uti
1242 1948 1286 2007 Et
1310 1951 1348 2008 sio

302 2030 389 2088 stium
410 2029 519 2087 Iliados
541 2027 593 2086 lib.
615 2024 689 2085 Vll.
716 2049 747 2102 p.
770 2032 842 2087 285.
869 2027 991 2087 dicitur·

426 2172 505 2239 Ἰδαῖ’
510 2170 638 2258 ,Εκτορι
656 2176 740 2229 ταῦτα
757 2171 879 2229 κελεύετε
894 2170 1095 2261 μυθήσασθαι·

434 2240 514 2303 αὐτὸς
530 2242 583 2315 γὰρ
598 2238 695 2318 χάρμη
713 2246 920 2317 προκαλέσσατο
941 2240 1047 2306 πάντας
1067 2243 1203 2320 ἀρίστους.
1196 2285 1214 2313 .,

302 2383 427 2446 Hectori
458 2384 537 2441 enim
565 2379 638 2441 hoec
668 2382 806 2441 edicenda
831 2383 985 2459 ridentur,
1014 2386 1126 2459 quod
1115 2406 1183 2461 rpse
1205 2396 1267 2460 est,
1296 2388 1344 2461 qui

301 2470 520 2548 provocaverit,
547 2468 647 2539 itaque
673 2468 765 2525 ceteri
798 2488 916 2540 qnoque
938 2467 1063 2526 Homeri
1091 2471 1149 2527 ioci
1174 2471 1344 2530 enucleandi

302 2566 378 2616 sunt.
422 2549 594 2621 Eodemque
619 2548 705 2607 modo
735 2552 822 2607 etiem
844 2548 937 2608 Attici
960 2554 1116 2626 scriptores
1135 2555 1282 2610 interdurn
1301 2556 1347 2609 io-

302 2641 359 2698 cnti
381 2644 465 2709 sunt,
494 2633 530 2690 de
554 2635 660 2705 quibus
681 2634 813 2691 instituto
835 2643 933 2693 nostro
958 2637 1017 2694 iarn
1041 2637 1225 2711 explanatius
1245 2636 1344 2693 dicen-

303 2724 369 2782 rium
401 2728 453 2778 est.
496 2713 573 2775 Nem
600 2737 675 2790 quse
699 2720 788 2776 verbu
809 2715 979 2795 Aeschylus
1003 2723 1101 2794 posuit
1127 2722 1158 2778 in
1180 2722 1344 2778 Prometheo

302 2827 332 2871 s.
353 2808 414 2863 439
439 2822 517 2878 sqq„
543 2820 578 2858 ee
598 2799 673 2860 mihi
693 2802 831 2861 videntur
853 2805 896 2861 ito
915 2804 1153 2879 interpungeudn
1174 2825 1253 2864 esse:

491 2934 590 2983 Καίτοι
608 2937 701 2984 θεοῖσι
717 2938 775 2991 ιοῖς
791 2935 863 2991 νέοις
883 2930 986 2993 τούτοις
1002 2939 1071 3008 γέρα

484 3000 490 3021 ’
493 3005 550 3151 {³55
548 2994 660 3060 αλλος
631 3022 661 3084 η
676 2998 729 3069 ’γώ
746 3004 886 3083 παιιελρῖς
902 2985 1046 3074 διώρισενς

529 3066 550 3119 λ’
572 3090 606 3120 αι
611 3088 640 3122 τα
660 3071 753 3153 σιγῶ·
762 3071 809 3121 καὶ
827 3068 881 3138 γὰρ
900 3066 1081 3123 εἰδυίαισιν
1064 3090 1100 3124 αν

493 3134 563 3223 ὑμῖν
579 3140 705 3222 λέγοιμι·
725 3133 774 3189 πἰν
791 3144 900 3209 βροτοῖς
919 3140 950 3191 δὲ
940 3134 1081 3220 πήματα

495 3202 639 3272 ἀκούσαθ’,
659 3202 696 3265 ὠς
716 3222 790 3275 σηιις
807 3212 922 3273 νηπίους
940 3226 1020 3267 οντας
1040 3228 1069 3261 ιο
1058 3207 1154 3280 πρὶν

494 3272 591 3334 ἔννους
612 3274 699 3342 ἔθηκα
718 3277 766 3326 καὶ
784 3277 897 3347 φρενῶν
917 3272 1075 3343 ἐπηβόλους.

301 3398 418 3458 Dicitur
445 3397 524 3455 enim
550 3397 592 3455 ibi
619 3417 737 3471 quoque
762 3387 847 3458 αὐτὰ
875 3400 934 3472 its,
966 3402 1030 3455 ut'
1022 3418 1086 3475 apso
1107 3399 1280 3458 vertentium
1299 3398 1342 3471 sit,

243 3498 246 3507 ’
283 3484 386 3543 ‘sicuti
409 3482 497 3539 etiam
508 3477 617 3539 Latine
637 3480 784 3539 interdum
805 3482 979 3555 simpliciter
999 3487 1059 3558 ipse
1074 3482 1187 3558 dicitnr,
1209 3486 1341 3558 quonism

302 3565 395 3639 qualis
418 3565 471 3622 snb
492 3584 526 3623 eo
550 3567 669 3623 nomine
690 3564 906 3638 intellegendus
928 3568 967 3623 sit
989 3577 1125 3642 apparet
1128 3588 1168 3625 ex
1187 3571 1267 3625 omni
1285 3586 1343 3624 om·

302 3651 389 3709 tionis
408 3650 572 3723 complexu.
616 3647 773 3725 Propterea
793 3659 888 3708 sotem
903 3648 1076 3725 Aeschylus
1099 3642 1184 3712 αυσὰ
1206 3672 1243 3710 en
1263 3651 1342 3721 dixit,

301 3732 381 3808 quod
401 3736 569 3816 cogitavit
558 3754 617 3791 mm
644 3732 721 3792 de''
697 3755 756 3832 ιιι,
787 3754 862 3807 quae
883 3734 972 3792 veliet
992 3754 1158 3808 opponere:
1187 3727 1248 3797 τᾶν
1267 3736 1342 3818 βρο-

300 3818 372 3891 τοῖς
398 3814 435 3878 δὲ
461 3810 601 3897 πήματα
624 3806 815 3891 ἀκούσατε,
809 3827 862 3876 ιιι
884 3815 939 3875 hoc
963 3818 1091 3876 dicatur:
1127 3819 1220 3876 Sed
1210 3838 1288 3896 spec,
1313 3814 1341 3872 id

300 3908 363 3973 est,
390 3897 426 3957 de
448 3902 554 3972 quibus
580 3898 758 3974 unnedica,
782 3902 893 3972 tacebo,
917 3920 990 3978 ηαιιο
1012 3907 1136 3960 ostem
1127 3923 1158 3961 ιιι
1185 3899 1341 3961 mortaliter

299 3991 380 4052 ιιιιιι,
406 3982 502 4042 audite
529 3992 579 4041 etc.
623 3980 688 4043 Hoc
714 4004 877 4057 pronomen
903 3988 1082 4059 saepissume
1108 3987 1145 4045 sb
1168 3981 1276 4045 Atticis
1300 3985 1337 4040 ita

299 4073 469 4142 usurpatum
490 4073 544 4143 est,
567 4068 627 4126 ubi
638 4088 677 4127 ex
701 4071 890 4146 sequentibus
912 4078 1042 4146 apparet,
1063 4090 1150 4145 quem
1171 4070 1210 4128 ad
1231 4066 1335 4130 modum

299 4150 501 4227 accipiendum
536 4153 596 4226 sit,
636 4152 713 4227 quod
744 4155 870 4226 primum
901 4154 1115 4227 simpliciter
1106 4174 1201 4231 speum
1230 4151 1335 4219 dicitnrs

300 4249 388 4334 qoem
414 4230 451 4292 sd
471 4234 590 4293 morium
611 4237 698 4295 etism
717 4233 819 4295 Lotiui
839 4257 926 4311 saepe
949 4246 1074 4299 numero
1094 4236 1246 4297 dixerunt·
1272 4238 1336 4336 ipsc,
1418 4265 1420 4276 ·

249 4364 252 4369 .
300 4320 357 4392 qni,
378 4321 408 4376 ot
429 4336 505 4389 ques
526 4326 593 4378 sont
613 4320 735 4395 similis,
755 4321 892 4395 quibus
882 4343 914 4381 ιιι
935 4322 1007 4383 iocis
1029 4331 1059 4383 et
1072 4342 1236 4397 pronomen
1247 4310 1339 4388 aoros
