2850 4842
319 464 384 532 138
813 448 871 526 ils.

856 602 858 605 -
1253 588 1269 623 s

319 634 549 697 csmtrocticnes
569 628 708 693 dicendae
728 636 807 689 snut.
848 624 980 686 illumin
1000 624 1048 686 his
1067 626 1141 687 locis
1155 626 1232 689 nihil
1245 651 1356 705 prorsus

318 719 476 794 particulos
502 719 573 776 istus
601 736 668 775 curn
688 714 787 773 futuro
814 732 966 770 commune
992 710 1100 772 hahere
1125 734 1213 789 snprs
1240 718 1297 774 ium
1316 718 1356 775 ri·

319 803 426 862 dimus.
464 799 545 861 *Num
573 801 600 859 si
628 798 764 873 supplens
788 798 967 870 orationem,
997 797 1055 855 ulis
1076 798 1160 857 verbi
1179 798 1276 858 formu
1296 800 1357 858 seli·
1406 838 1407 845 ι

319 885 416 964 gcnde
441 895 496 945 est.
538 880 684 942 Similiter
712 878 879 956 explicandi
908 879 954 937 illi
981 878 1039 941 loci
1066 890 1151 957 suut,
1180 904 1255 957 quos
1275 902 1357 959 supra

319 970 625 1042 commemoravimus,
652 956 749 1026 'veluti
783 962 934 1038 Euripidis
964 962 1000 1024 de
1029 966 1193 1042 lphipeuio,
1224 988 1294 1048 φιαο
1319 976 1356 1025 cst

322 1058 437 1125 rouro,
460 1073 490 1115 r.
512 1056 584 1110 ess.
1000 1052 1003 1073 ·

478 1159 489 1219 .’
511 1157 515 1162 ’
538 1166 587 1223 Τίς
605 1158 641 1216 ἂν
662 1152 713 1216 οὖν
731 1157 790 1216 τόδ’
808 1156 844 1216 δν
863 1156 879 1229 ἢ
895 1158 961 1223 «iric
977 1158 994 1229 ή
1009 1159 1106 1235 βροτός
1121 1156 1138 1231 ii

536 1254 562 1286 τι
580 1234 636 1284 τῶν
654 1226 805 1298 ἀδοκήτων,

536 1296 646 1372 ἄπορον
662 1296 752 1372 πόρον
769 1290 911 1363 linricus,

536 1369 617 1423 δυοῖν
633 1374 692 1422 τοῖν
708 1363 809 1436 μόνοιν
821 1366 974 1439 Ἀτρείδαιν
993 1370 1081 1439 φανεῖ
1408 1356 1409 1439 l

536 1440 629 1492 κακῶν
646 1438 772 1503 dordunum

319 1566 371 1623 uhi
399 1568 486 1636 ports
511 1579 571 1619 nou
598 1567 714 1634 poteret
745 1557 918 1633 simpliciter
946 1556 1056 1615 dicere:
1094 1550 1154 1632 Τός
1179 1555 1223 1621 ἂν
1248 1563 1355 1645 φονεῖς
1409 1618 1410 1635 ,

270 1676 278 1689 ·
320 1666 396 1723 quse
415 1646 507 1703 oratio
525 1643 640 1703 soloece
662 1642 749 1719 leret,
769 1642 820 1701 scd
833 1639 918 1715 illud,
937 1640 1018 1713 quod
1032 1658 1123 1713 supra
1137 1645 1235 1719 posui,
1253 1652 1357 1718 poteret

319 1733 433 1804 dicem,
463 1727 540 1803 quod
566 1729 608 1787 ite
623 1748 697 1797 ,non
726 1734 821 1787 exstat
844 1732 994 1798 tantopere
1022 1724 1101 1783 istud
1124 1720 1176 1800 τίς
1197 1722 1237 1788 ἂν
1257 1728 1357 1813 φαδεῖ,

320 1814 373 1877 sed
398 1833 452 1888 per
473 1804 721 1874 duunolum‘lc'ur
742 1809 886 1885 quendum
909 1810 1009 1883 ulitur,
1036 1818 1123 1882 utque
1143 1808 1278 1870 inchonts
1301 1820 1356 1870 eret

320 1900 432 1971 cretio,
463 1894 500 1954 mi
523 1896 615 1953 linem
641 1896 824 1969 perducitur,
852 1911 939 1970 quotu
964 1892 1000 1951 ed
1023 1892 1141 1951 modum
1162 1894 1251 1953 video
1272 1896 1357 1953 locum

319 1984 358 2042 sb
382 1982 521 2055 Angusto
546 1998 664 2054 quoquc
692 1978 837 2037 Matthiae
865 1977 1042 2052 explicatum
1070 1978 1104 2035 in
1133 1980 1185 2037 (ir.
1212 1998 1256 2055 pr.
1276 1980 1355 2055 ampl.
1410 2020 1411 2029 ,

194 2113 202 2119 .
314 2069 352 2142 p.
377 2070 469 2124 1199.
493 2062 539 2123 cd.
561 2084 617 2123 sec.
661 2060 780 2122 Poterut
807 2064 887 2121 enim
913 2061 1022 2135 duplici
1049 2059 1136 2119 modo
1160 2062 1246 2137 loqui
1268 2074 1355 2138 poeto,
1410 2074 1411 2093 ¹

319 2158 353 2208 ut
379 2157 429 2208 aut
455 2146 580 2206 diceret:
620 2140 680 2220 Τός
707 2144 747 2208 ἂν
773 2134 830 2210 οὖν
857 2135 932 2207 τάδ’
958 2138 998 2207 ἂν
1018 2142 1038 2229 ἢ
1059 2139 1144 2219 θεὸς
1163 2143 1184 2230 ἢ
1204 2140 1355 2229 βροτδςῆ

319 2254 354 2297 τι
385 2232 451 2294 τῶν
482 2222 655 2314 ἀδοκήτων
685 2220 817 2310 δ’πορον
844 2222 953 2311 πόρον
982 2222 1152 2304 ἐξανύσας,
1169 2226 1261 2293 δυοῖν
1290 2231 1355 2292 τοῖν

318 2309 436 2398 μόνοιν
456 2308 573 2415 φαίνοι
595 2315 705 2376 κακῶν
728 2306 876 2389 ἕκλυσινς
900 2323 964 2370 eut:
990 2305 1049 2387 Τίς
1070 2300 1129 2375 οὖν
1148 2304 1259 2397 τάδ’ή
1278 2308 1356 2385 θεός

326 2396 339 2416 ’
369 2401 491 2480 βροτος
519 2388 539 2481 ἦ
569 2418 602 2459 τι
628 2398 694 2458 τῶν
725 2387 896 2479 ἀδοκήτων
917 2386 1046 2480 ἄπορον
1067 2386 1171 2499 πόρον
1192 2387 1355 2471 ἐξανύσας,

318 2423 415 2545 δυοῖν
432 2483 504 2543 τοῖν
521 2471 638 2554 μόνοιν
653 2470 842 2560 Ἀτρείδαιν
863 2481 963 2563 φανεῖ
986 2480 1096 2541 κακῶν
1119 2476 1260 2554 εκλυσιν,·
1295 2476 1357 2536 llo-

319 2586 386 2625 rum
415 2574 552 2623 neutrum
578 2562 666 2636 lecit,
691 2563 745 2621 scd
777 2576 867 2637 quom
896 2563 983 2622 aliter
1010 2565 1167 2639 incepisset
1193 2564 1357 2638 cretionem,

321 2649 406 2708 aliter
428 2646 532 2719 desiit,
554 2665 629 2720 quoe
652 2649 774 2705 mutatio
796 2649 1016 2706 constructionis
1036 2648 1068 2705 in
1091 2645 1204 2706 Gracco
1224 2650 1358 2721 scriptore

320 2751 418 2806 neque
442 2750 497 2805 per
520 2748 553 2788 se
575 2729 735 2805 quidquem
763 2730 935 2789 offensionis
966 2730 1054 2789 hebet
1080 2752 1135 2791 nec
1163 2751 1233 2791 vero
1255 2733 1357 2806 poterit

321 2816 494 2874 documento
521 2831 604 2888 esse,
638 2811 676 2876 ἂν
702 2816 873 2889 porticulum
901 2836 967 2873 cum
989 2816 1088 2874 futuro
1114 2818 1242 2874 construi
1266 2834 1357 2891 posse.

321 2898 421 2959 Simili
442 2896 528 2957 modo
549 2896 756 2973 explicandum
777 2890 842 2957 esse
864 2895 1045 2975 Thucydidis
1066 2899 1173 2975 locum,
1195 2902 1247 2973 qui
1260 2901 1358 2975 legitur

320 2984 372 3042 lih.
387 2980 428 3042 ll.
451 3002 514 3056 cup.
528 2986 591 3056 80„
611 2985 671 3040 iem
691 3002 781 3057 suprn
799 2980 959 3041 docuimus.
1001 2980 1078 3041 Nem
1099 2985 1141 3043 ihi
1164 3004 1282 3059 quoque
1298 2986 1358 3057 ipsc

320 3068 467 3129 sententie
494 3085 589 3124 secum
613 3067 692 3142 tulit,
722 3077 753 3123 ut
772 3069 847 3125 istuc
868 3064 945 3129 dues
961 3070 1187 3127 constructiones
1210 3070 1359 3140 coniunge·

320 3162 435 3212 rentur.
481 3146 643 3211 Brevitatis
680 3152 759 3209 enim
794 3157 843 3207 eut
880 3152 1080 3210 concinnitatis
1110 3152 1240 3213 studium
1274 3149 1358 3210 Grae·

321 3232 502 3295 corumhus
524 3254 559 3293 ec
581 3234 695 3294 similes
716 3235 944 3293 constructiones
965 3237 1135 3307 procreavit.
1177 3234 1258 3295 Num
1278 3254 1358 3309 quom

320 3320 435 3381 nollent
453 3319 622 3395 amhagibus
644 3320 685 3375 uti
709 3320 741 3375 in
763 3320 905 3390 cretione,
928 3317 998 3375 dues
1016 3338 1125 3392 easque
1142 3316 1358 3378 dirersissumes

321 3404 464 3464 cretionis
477 3412 576 3475 purten
589 3405 621 3460 in
632 3422 721 3458 unum
734 3404 961 3459 coniunxerunt.
985 3398 1051 3460 Hoc
1065 3402 1149 3460 modo
1164 3402 1235 3463 illos
1251 3412 1358 3478 quoquc

320 3490 401 3547 lucos
414 3486 649 3558 interpretandos
661 3504 738 3561 csse,
750 3488 777 3544 si
792 3483 907 3559 quando
922 3478 960 3547 ἂν
973 3485 1116 3559 particule
1129 3506 1194 3545 cum
1207 3488 1358 3546 indicetisc

320 3570 484 3649 proesentis
506 3573 665 3644 compositu
686 3588 753 3629 cssc
773 3569 931 3641 rideretur,
951 3588 1037 3641 supro
1060 3569 1207 3629 docuimus
1229 3568 1359 3644 exemplo

321 3654 442 3732 quidem
461 3649 644 3730 Thucydidis
665 3653 718 3714 lib.
731 3649 790 3713 lv.
812 3674 874 3727 cup.
892 3658 942 3710 6³.
972 3644 1058 3716 ἆλλδ
1080 3650 1137 3716 καὶ
1157 3646 1241 3735 ἄγαν
1262 3646 1292 3716 εδ
1309 3644 1358 3713 τό·

317 3759 442 3819 χοιμεν,
465 3735 562 3843 φίλοι
581 3735 642 3815 μὲν
663 3735 701 3799 ἂν
722 3738 794 3810 τοῖς
815 3731 991 3815 ἐχθίστοις,
1015 3731 1176 3821 διάφοροι
1198 3734 1236 3800 δὲ
1258 3724 1308 3810 οἷς
1322 3724 1357 3797 οδ

319 3818 379 3907 xp*
412 3844 473 3883 κατ
510 3813 652 3901 ἀνάγκην
678 3815 890 3900 γιγνόμεθα,
922 3820 1000 3895 quod
1028 3823 1071 3879 itu
1098 3818 1269 3880 solvendum
1282 3826 1355 3900 ⁸cst:

321 3845 419 3990 φίόοι
448 3902 509 3981 μὲν
538 3900 577 3963 ἂν
604 3905 675 3977 τοῖς
703 3899 874 3979 ἐχθίστοις
897 3898 1110 4005 γφνοίμεδα,
1141 3897 1300 3990 διάφοροι
1324 3896 1356 3961 δὲ

320 3978 374 4061 οἷς
405 3977 445 4049 οὐ
475 3980 535 4069 χρή
566 3978 639 4048 κατ’
673 3976 816 4069 ἀνάγκην
848 3990 1041 4067 γιγνομεθα.
1088 3986 1248 4063 Propterea
1273 3987 1355 4057 enin,

321 4069 400 4146 quod
427 4074 461 4128 iu
486 4072 577 4129 altero
598 4071 729 4131 membro
752 4073 858 4130 certius
879 4071 971 4129 voluit
991 4072 1074 4147 loqui
1096 4070 1281 4149 Thucydides
1298 4088 1356 4124 mu·

320 4158 394 4212 terit
408 4154 573 4214 inchoetsm
587 4159 840 4216 constructionem.
872 4150 959 4215 Nihil
977 4164 1073 4215 cutem
1088 4160 1120 4215 in
1132 4160 1195 4216 eius
1205 4152 1355 4213 modilocis

318 4237 494 4299 indicativus
514 4246 543 4298 ct
564 4234 603 4300 ἂν
621 4242 764 4314 perticuln
784 4254 937 4299 commune
953 4238 1073 4300 hahent.
1116 4238 1164 4300 cf.
1179 4242 1264 4299 sttrm
1277 4232 1356 4305 illud,

320 4318 401 4389 (Μ
420 4340 510 4395 snprs
530 4325 682 4396 posuimus
703 4344 743 4386 ex
769 4326 869 4404 Vespis
889 4322 1101 4402 Aristophanis
1121 4346 1151 4390 r.
1166 4321 1356 4390 2⁸0-286.,
