2850 4842
211 489 215 497 ·
279 454 343 521 108
772 443 831 521 ἦν.

279 625 390 700 abeo,
412 631 445 682 ut
466 614 619 698 drumm.
634 623 660 681 si
681 620 801 695 quidem
821 622 873 681 liat
895 626 945 680 ant
963 620 1028 681 llerl
1049 624 1152 699 possit,
1173 630 1261 698 atque
1279 629 1327 684 sio

277 711 368 768 etiam
388 708 525 768 voluntas
546 715 646 767 nostra
665 704 807 780 proditur,
827 704 879 764 sed
902 714 998 764 tamen
1018 727 1078 764 uon
1100 706 1172 765 arleo
1193 720 1304 782 aperte.

360 789 474 851 Eodem
495 790 583 849 modo
604 808 652 849 res
673 809 706 849 se
726 788 832 863 babet,
860 792 886 847 sl
906 789 1049 863 particula
1067 780 1107 851 ib
1127 810 1192 849 curn
1211 792 1326 853 iudica·

277 877 340 935 tiro
375 876 476 935 coristi
504 883 555 934 ant
581 874 746 949 imperfecti
776 880 826 935 aut
856 872 1136 948 plusquamperfecti
1170 877 1325 933 coniuncta

276 958 403 1035 legitur,
433 958 470 1018 rle
501 959 608 1031 quibus
638 956 709 1015 locis
743 964 821 1015 recte
848 954 1004 1033 explicavit
1033 954 1180 1015 Duranius
1208 980 1238 1033 p.
1265 964 1325 1018 30.

276 1040 465 1122 Quamquam
494 1042 529 1098 in
557 1040 682 1115 singulis
706 1040 935 1113 interpretandis
959 1039 1030 1102 locis
1055 1040 1156 1115 Paullo
1180 1044 1324 1121 pinguius

159 1163 161 1168 ·
275 1144 341 1183 rem
368 1125 520 1200 tractavit,
546 1133 578 1181 ut
606 1122 685 1197 quod
713 1126 747 1183 in
777 1121 912 1185 leocratis
939 1128 1112 1199 Poaepyrico
1138 1127 1168 1197 5.
1194 1128 1244 1182 75.
1272 1126 1323 1184 ed.

274 1204 376 1267 Bekk.
397 1230 429 1281 p.
453 1208 523 1267 155.
545 1207 591 1267 ed.
612 1204 653 1266 H.
676 1202 781 1281 Stepb.
803 1206 909 1267 verbor
947 1192 992 1267 ὧν
1021 1196 1119 1269 οῦδὲν
1145 1198 1186 1275 ἂν
1212 1200 1324 1289 ἔπρα-

276 1286 354 1365 ξαν,
383 1284 415 1353 εἰ
439 1284 486 1373 μὴ
514 1285 603 1353 πολὺ
623 1286 683 1372 τὴν
704 1282 806 1371 φύσιν
826 1282 1013 1374 διήνεγκαν,
1042 1290 1248 1369 interpretatur
1274 1302 1324 1351 eat

274 1371 402 1433 Latinos
436 1392 555 1450 ριιοιυοι
578 1373 651 1432 ulbil
674 1370 786 1449 efficere
811 1379 983 1450 potuisse-ut,
1015 1372 1094 1447 quorl
1118 1383 1178 1432 erat
1200 1382 1322 1433 verton.

274 1456 361 1515 dum:
393 1475 512 1533 quorum
537 1456 611 1515 nibil
635 1454 790 1531 affectarent
814 1464 865 1515 aut
894 1454 1044 1529 efficorent.
1087 1452 1148 1515 Sed
1175 1455 1248 1516 baec
1275 1479 1321 1521 ex

272 1542 324 1615 iis,
346 1559 422 1615 quae
441 1548 471 1599 et
492 1542 560 1613 ipse
580 1537 727 1599 Denarius
746 1538 905 1615 disputarit
928 1547 958 1599 et
977 1557 1032 1601 nos
1053 1538 1146 1603 adbuc
1167 1538 1323 1602 adnotavi-

272 1643 350 1700 mus,
374 1643 449 1681 unus
473 1624 600 1697 quisque
619 1622 706 1682 facila
727 1626 853 1698 corriget
873 1626 948 1699 ipse.
970 1682 975 1697 p

356 1703 517 1767 Difficilior
537 1708 669 1784 quaestio
689 1716 743 1783 est,
764 1727 852 1780 quarn
873 1706 1011 1783 quoniam
1024 1701 1171 1766 llernrius
1186 1704 1242 1769 boc
1254 1707 1323 1771 loco

273 1790 386 1866 attigit,
415 1787 465 1848 bic
494 1788 700 1865 exponendam
728 1792 867 1867 arbitror,
896 1810 968 1849 uum
992 1790 1086 1865 possit
1110 1790 1252 1864 particula
1278 1784 1322 1854 ἂν

233 1892 236 1898 ·
272 1894 339 1933 cum
368 1870 536 1933 indicatiris
566 1883 733 1950 temporum
761 1894 879 1949 eornm,
910 1892 986 1957 quae
1013 1873 1145 1935 absoluta
1172 1873 1321 1949 «licuntur,

271 1958 454 2034 praesentis,
481 1956 631 2031 perlecti,¹
650 1957 743 2015 sutori
763 1960 909 2033 componi.
952 1954 1021 2037 Quo
1041 1956 1078 2021 de
1100 1978 1154 2015 usu
1177 1959 1319 2021 universo

271 2060 361 2116 quom
381 2038 527 2100 [levarim
547 2061 578 2114 p.
600 2046 651 2099 30.
672 2040 835 2114 praefracte
856 2040 1071 2115 denegavisset,
1092 2048 1189 2099 tamen
1211 2064 1242 2117 p.
1263 2049 1317 2102 32.

271 2126 414 2184 concessit
441 2122 554 2198 aliquid
583 2122 620 2182 (le
648 2122 764 2198 luturo,
794 2133 827 2181 ut
856 2127 890 2187 lu
919 2124 1060 2200 singulari
1089 2132 1201 2183 tantum
1228 2126 1318 2185 modo

271 2208 484 2267 enuntiationis
523 2205 693 2266 condicione
729 2207 827 2267 futuro
862 2198 902 2269 ila
933 2206 1104 2281 particulam
1137 2210 1317 2270 concederet.

270 2288 334 2350 Sed
361 2293 418 2350 istu
447 2299 546 2349 tamen
565 2290 713 2365 condicio,
740 2311 798 2365 qua
818 2288 967 2351 Duranius
988 2291 1087 2349 tuturo
1109 2294 1247 2351 concessit
1272 2284 1317 2353 ir'v

269 2374 460 2450 particulam,
481 2377 544 2433 eius
563 2373 643 2432 modi
665 2382 726 2447 cst,
751 2384 784 2432 ut
805 2372 880 2433 mibi
900 2396 918 2432 a
939 2374 1055 2449 reliquo
1076 2395 1132 2435 usu
1153 2376 1316 2450 particulae

270 2459 403 2531 reparari
433 2477 522 2531 posse
548 2476 609 2518 non
637 2454 781 2520 videatur.
832 2456 929 2535 Quam
958 2458 995 2516 ob
1024 2478 1087 2537 rem
1117 2465 1176 2517 tum
1195 2458 1314 2519 demum

268 2540 307 2599 ‹le
332 2540 393 2599 illis
421 2539 493 2598 locis
523 2540 668 2615 dicemus,
697 2548 853 2617 postquam
878 2540 914 2600 de
935 2544 1016 2601 omni
1037 2540 1092 2601 bac
1113 2541 1241 2602 doctrina
1258 2562 1314 2606 ex-

266 2624 462 2699 posuerimus.

351 2701 455 2780 Atqua
483 2710 516 2763 nt
542 2705 670 2780 ingenue
696 2705 808 2781 fatear,
838 2727 914 2781 quaa
938 2728 1003 2767 mes
1023 2706 1060 2768 cle
1080 2729 1135 2768 usu
1153 2708 1315 2783 particulae

267 2777 309 2850 bv
338 2790 372 2847 iu
403 2790 582 2862 temporibus
612 2789 752 2848 absolutis
781 2793 884 2865 opinio
913 2794 969 2865 sit,
1001 2812 1062 2849 nou
1093 2792 1178 2851 crerlo
1209 2813 1263 2868 ego
1295 2814 1315 2850 a

266 2870 388 2931 Graecis
408 2873 616 2946 scriptoribus,
645 2881 769 2949 excepto
789 2874 913 2934 tortasse
932 2873 1063 2935 Homero
1085 2885 1115 2934 et
1137 2876 1314 2950 quibusdam

266 2956 426 3031 singularis
446 2955 569 3014 alicuius
594 2955 709 3015 dialecti
731 2959 905 3034 auctoribus,
926 2958 1097 3033 particulam
1118 2950 1159 3021 ilo
1179 2981 1245 3018 cum
1264 2962 1314 3018 in·

265 3038 392 3103 ‹licatiro
411 3039 502 3100 futuri
524 3048 574 3097 aut
595 3042 760 3115 praesentis
780 3062 882 3102 revera
902 3050 1094 3102 constructam
1115 3063 1190 3118 esse,
1208 3052 1240 3101 ut
1260 3063 1313 3103 eos

263 3122 355 3199 locos,
376 3124 429 3199 qni
449 3120 506 3181 buc
525 3123 621 3182 tacere
643 3124 808 3200 rideantur,
828 3136 887 3201 aut,
906 3148 995 3200 quom
1015 3130 1146 3202 corrupti
1165 3126 1313 3201 legantur,

264 3206 463 3268 emendandos
493 3215 562 3283 aut,
593 3209 621 3271 si
644 3205 797 3290 depravati
816 3229 877 3273 nou
901 3212 980 3286 sint,
1008 3210 1094 3272 aliter
1119 3210 1311 3287 explicandos

262 3293 450 3350 existumem.
977 3338 981 3355 .

346 3374 397 3435 Ac
423 3376 550 3449 primum
577 3375 696 3448 quidem
720 3374 815 3434 (licam
837 3374 874 3435 ‹le
894 3378 1041 3452 praesenti
1061 3382 1202 3452 tempore.
1244 3372 1311 3437 Ve-

262 3461 341 3515 teres
369 3457 489 3531 qnidem
517 3460 698 3535 grammatici
719 3471 901 3535 negaverunt
920 3482 1007 3536 posse
1030 3481 1095 3521 oum
1115 3458 1171 3521 boc
1191 3467 1219 3520 et
1243 3483 1311 3519 enm

261 3539 361 3597 futuro
386 3540 560 3613 particulam
586 3533 626 3603 ἣν
650 3544 808 3620 coniungi,
835 3545 913 3604 conf.
935 3548 1059 3619 scriptor
1078 3548 1121 3603 De
1139 3550 1256 3618 sputucl
1275 3548 1310 3605 iu

261 3617 287 3680 l.
316 3620 448 3683 Belkarl
473 3624 619 3684 Anecdot.
645 3627 705 3686 vol.
730 3624 754 3690 I.
781 3650 811 3707 p.
836 3634 906 3688 126.
932 3617 995 3703 (Ἐξ
1015 3616 1073 3691 οὖν
1093 3619 1311 3711 ὑπαρχόντων

260 3697 395 3793 χρόνων,
412 3702 598 3782 ἐνεστῶτος,
610 3712 852 3795 ποροτυτικοῦ,
863 3706 1120 3793 παρακειμένου,
1133 3704 1310 3794 καὶένττερ-

262 3788 462 3867 συντελικοῦ,
487 3784 656 3870 ἀορίστου,
678 3789 866 3869 μέλλοντος,
889 3790 1044 3859 ἐνεστῶτι
1065 3788 1123 3856 καὶ
1143 3814 1309 3893 recooper-

259 3868 348 3956 μένρ
377 3867 433 3933 ναὶ
459 3869 613 3949 μέλλοντι
642 3864 682 3935 οὗ
708 3872 927 3941 συντάσσεται
953 3868 991 3953 [ὁ
1020 3870 1204 3957 σύνδεσμος
1229 3878 1308 3956 ον.],

259 3954 332 4027 τοῖς
358 3949 472 4030 μέντοι
498 3974 519 4015 τ
541 3949 588 4016 tol
616 3956 689 4030 τοῖς
710 3954 845 4035 λοιποῖς
866 3954 961 4039 παρὰ
974 3960 1070 4024 πᾶσι
1089 3960 1162 4035 τοῖς
1184 3964 1308 4043 σοφοῖς

259 4027 459 4136 εὑρίσκεται.
472 4044 502 4097 ol
544 4037 691 4112 pollouins
702 4045 746 4098 lla
755 4049 873 4115 epuloni
882 4044 934 4104 lib.
945 4040 1001 4103 lll.
1013 4064 1077 4118 cap.
1089 4050 1119 4103 6.
1130 4066 1161 4119 p.
1173 4050 1236 4105 204
1246 4066 1306 4119 sap,

259 4136 312 4216 (ρει
338 4129 439 4194 aperte
462 4121 529 4196 lpse
555 4143 673 4197 quoque
701 4124 851 4199 loquitur:
891 4120 988 4191 ἔνθα·
1003 4122 1237 4211 Ιπροσέρχεται
1265 4126 1303 4207 [ὁ

258 4190 526 4295 αρισύνδεσμος]
556 4207 628 4281 τοῖς
655 4204 849 4288 δυναμένοις
876 4205 940 4295 τὴν
960 4206 1042 4293 ὕλην
1064 4202 1169 4277 αὐτοῦ
1190 4232 1303 4297 τιαρο-

259 4276 441 4354 ὁεξασθαι·
474 4279 662 4373 ἔγραφον
688 4281 748 4365 ὄν,
783 4285 950 4379 ἔγραψα
978 4284 1039 4366 ἄν,
1068 4280 1306 4381 ἐγεγράφει
