2850 4842
328 413 394 482 462
705 367 708 381 ‹
809 375 899 481 ἐόν.

329 585 424 661 ipsios
453 581 665 657 declararetur,
695 581 777 640 nutis
799 581 917 641 ridetur
943 601 1048 644 mussa
1073 583 1184 659 inisse,
1216 606 1302 660 quens
1331 591 1368 646 ot»

330 689 393 728 rem
421 670 577 742 quisquam
605 659 657 748 εἴη
682 668 891 754 potiusquam
915 654 939 752 ᾗ
959 663 1017 725 hoc
1038 667 1102 726 ioco
1122 671 1280 744 scriberet,
1309 674 1366 730 nisi

329 755 389 810 ium
416 752 485 810 inde
513 753 549 811 ab
574 751 695 823 entique
724 758 855 823 tempore
877 769 911 808 οε
932 752 1074 824 scripture
1097 761 1174 812 esset
1196 765 1366 828 propagate.

329 833 391 894 Sed
418 837 491 893 ratio
514 837 602 892 etiem
625 833 706 891 reddi
725 836 834 908 poterit
854 832 960 908 ducite,
995 855 1047 892 eur
1066 833 1256 912 Thucydides
1278 861 1362 912 quom

329 921 361 978 in
385 915 621 978 antecedentibus
646 916 835 977 secundarie}
852 925 951 990 partes
969 921 1111 978 orationis
1135 931 1214 980 reete
1234 927 1362 982 orutiosr

329 1003 458 1060 elocutus
483 1009 574 1076 esset,
603 999 678 1058 hene
703 1020 791 1057 uuam
813 1000 1011 1058 condicionem
1031 1023 1087 1074 per
1106 1007 1285 1081 optativum,
1317 1011 1364 1080 qui

329 1086 452 1142 otiorum
474 1084 582 1170 iudiciq
603 1104 665 1143 rem
686 1087 894 1158 summitteret,
920 1087 1060 1158 posuerit.
1102 1083 1179 1144 Vott
1203 1090 1284 1147 euim
1303 1111 1365 1148 ors·

328 1179 374 1226 tor
394 1166 450 1225 hoc
470 1171 583 1243 ipsum,
609 1177 705 1225 utrum
726 1176 921 1241 opportunum
941 1176 1056 1244 tempus
1077 1169 1116 1227 nd
1132 1170 1364 1257 adnavigendnm

328 1253 367 1314 sit
388 1271 498 1326 necue,
530 1273 571 1309 ex
590 1271 706 1325 eorum,
735 1271 806 1325 quos
828 1252 968 1323 navigare
986 1253 1083 1325 iubet,
1104 1253 1226 1313 erhitrio
1245 1276 1361 1332 cuspes·

327 1355 392 1394 sum
412 1335 524 1411 fecere,
545 1337 645 1409 itaque
662 1354 741 1408 pene
765 1336 927 1392 necessario
949 1335 1134 1393 scribendum
1155 1345 1214 1395 est:
1237 1327 1278 1420 ἦν
1298 1362 1361 1401 που

329 1414 447 1500 καιρός
468 1412 538 1502 εἴη,
562 1419 641 1492 quod
654 1435 721 1475 ‘non
744 1424 807 1476 estc
838 1417 928 1475 cicothi
947 1427 1134 1494 oppos-tunsos
1155 1429 1266 1497 teoqms
1285 1433 1361 1496 mot,

327 1503 378 1561 sed
402 1504 516 1576 potiusr
548 1503 637 1560 sicubi
658 1509 843 1577 opportunum
864 1509 974 1576 tempus
995 1521 1054 1558 esse
1072 1510 1204 1578 putarent
1224 1509 1289 1580 ipsi.
1329 1505 1360 1563 id

327 1586 408 1660 quod
431 1585 467 1644 ad
496 1582 574 1642 huuc
596 1585 690 1643 iocum
711 1583 1046 1643 accommodetiseumom
1068 1604 1134 1645 esse
1154 1606 1240 1644 nemo
1262 1593 1361 1663 poterit

325 1669 458 1726 infitiari.
510 1667 604 1727 Piene
635 1671 726 1742 igitur
756 1666 912 1741 respondet
937 1665 986 1725 hic
1005 1668 1085 1729 locus
1111 1670 1138 1727 ei
1165 1668 1248 1742 Ιοοο,
1278 1694 1360 1746 quem

324 1771 420 1825 nuper
443 1749 495 1810 Fr.
517 1749 599 1826 Aug.
620 1749 757 1810 Wotiius
785 1753 815 1808 iu
837 1749 962 1810 Homeri
987 1753 1127 1825 Odysseae
1148 1751 1202 1812 lto.
1221 1752 1310 1814 xltl.
1334 1779 1359 1817 τ.

325 1838 388 1892 414
400 1845 450 1909 sq.¹
466 1837 515 1912 ite·
527 1837 667 1908 scriptum
689 1833 797 1892 edidit:
940 1853 948 1872 ι

422 1943 471 2006 Ὃς
487 1965 530 2000 τοι
548 1946 575 2006 ἔς
594 1941 749 2016 ἐύρύῖορον
765 1946 970 2019 Λακεδαίμονα
986 1941 1044 2020 πύρ
1061 1949 1212 2002 Μενέλαον

428 2008 514 2083 ᾤχετο
531 2011 703 2084 πευσόμενος
721 2012 791 2084 μετὰ
810 2012 863 2070 σὸν
879 2017 969 2084 κλέος,
987 2010 1022 2081 ἢν
1039 2033 1094 2068 που
1112 2014 1146 2069 ἔτ’
1166 2019 1246 2085 ripe,

323 2135 431 2211 Neque
458 2138 538 2196 euim
569 2137 613 2196 ibi
638 2136 732 2196 istud:
766 2125 806 2220 ἤν
831 2157 901 2199 που
923 2127 966 2199 ἔτ’
990 2128 1077 2219 εἴης,
1112 2136 1198 2198 aliter
1220 2140 1362 2213 expliceri

323 2229 420 2296 potest
441 2222 501 2280 nisi
525 2228 557 2280 ut
577 2241 748 2295 suspensum
770 2239 834 2278 rem
853 2221 945 2280 socies
964 2239 1020 2294 per
1040 2223 1201 2280 cretionem
1215 2225 1362 2296 obliquum

324 2325 364 2364 ex
384 2307 447 2366 eius
469 2314 585 2380 mente,
608 2307 658 2379 qui
680 2307 852 2364 sciscitatum
866 2304 1014 2378 proiectus
1031 2323 1095 2364 esse
1115 2305 1229 2366 dicitur.
1278 2308 1362 2388 Qnse

226 2399 233 2412 '
325 2410 413 2464 quom
437 2393 479 2448 ite
499 2392 576 2464 siut,
605 2389 691 2448 credo
716 2391 806 2448 etiem
830 2390 863 2446 in
882 2386 1092 2460 Xenophontis
1114 2392 1277 2467 Disciplina
1299 2395 1361 2463 Cyri

323 2472 374 2530 tib.
404 2470 462 2533 lv,
485 2493 548 2546 eep.
579 2481 609 2530 2.
634 2477 662 2543 §.
687 2479 718 2530 o.
748 2492 808 2530 nou
835 2471 1046 2530 sottieiteudem
1072 2471 1149 2530 hene
1177 2484 1361 2548 optumornm

322 2554 482 2628 librorum,
516 2554 773 2631 Guetpherbyteni
806 2576 840 2614 ec
871 2552 1063 2630 Perisiensis,
1092 2559 1284 2658 scripturum
1320 2553 1361 2621 Oi

323 2633 361 2698 dd
388 2628 608 2720 ἀπεκρίναντο
637 2633 689 2699 ὅτι
717 2634 774 2700 καὶ
801 2631 840 2699 όν
867 2627 986 2720 adipson
1007 2635 1115 2701 ἕωθεν
1134 2637 1274 2716 ευζωνοι
1298 2665 1362 2706 τεο-

321 2712 490 2821 ρεύσιντο,
519 2713 780 2804 καταλήψοιντο·
808 2713 876 2783 ύπό
899 2715 972 2822 poio
999 2723 1058 2783 τοῦ
1086 2712 1185 2799 όχλου
1214 2719 1272 2786 καὶ
1297 2726 1361 2787 τῶν

322 2798 460 2878 αμοξιόν
491 2801 593 2886 σχολῇ
626 2797 837 2883 πορεύεσθαι
870 2799 992 2878 αυτούς
1023 2796 1107 2880 τοτὲ,
1144 2813 1178 2864 ut
1206 2809 1295 2865 etiem
1319 2811 1361 2866 ibi

321 2884 453 2944 condicio
487 2898 593 2945 eventu
626 2887 745 2960 quidem
773 2888 985 2960 comprobanda
1012 2908 1067 2960 per
1094 2889 1257 2949 cretionem
1287 2893 1361 2950 obti-

320 2989 411 3043 quem
431 2967 579 3030 efferatur.
601 2973 605 2980 “
624 2969 700 3030 Nem
722 2969 801 3044 quod
821 2967 1020 3030 Schneiderus
1042 2970 1152 3044 etiiqne
1174 2965 1239 3032 euru
1254 2975 1286 3030 iu
1300 2973 1361 3033 edi-

320 3053 449 3112 tionibus
480 3057 629 3114 veteribus
663 3055 825 3128 tegeretur:
864 3049 918 3116 ὅτι
944 3050 1000 3116 καὶ
1028 3045 1146 3136 αύριον
1174 3050 1295 3125 ἕωθεν,
1328 3051 1361 3120 εἰ

321 3127 458 3212 εύζωνοι
485 3131 701 3219 πορεύοιντο,
728 3133 859 3194 Zennius
885 3147 983 3196 entem
1005 3138 1184 3210 scripsisset:
1222 3134 1277 3200 ὅτι
1299 3132 1360 3201 κᾶν

220 3261 233 3270 -
320 3207 438 3301 αύριον
459 3214 566 3282 ἕωθεν
579 3210 716 3297 οόζωνοι
730 3213 945 3302 πορεύοιντο,
961 3220 1150 3280 scribendum
1166 3229 1358 3296 putaverunt:

319 3296 374 3364 ότι
395 3291 456 3364 ndu
477 3291 610 3384 αύριον,
635 3294 667 3363 εἰ
690 3297 797 3364 ἕωθεν
818 3290 955 3379 εύζωνοι
974 3296 1190 3387 πορεύοιντο,
1218 3305 1250 3362 it
1272 3327 1358 3379 prue-

262 3451 267 3461 .
300 3392 451 3457 ,torquem
479 3386 558 3460 quod
583 3407 601 3443 e
622 3384 754 3444 codicum
774 3388 917 3459 scripture
938 3388 1119 3461 aliquantum
1144 3386 1271 3459 recedit,
1305 3388 1358 3446 he-

317 3467 366 3526 bet
397 3469 484 3526 etiem
516 3469 708 3529 offensionem
737 3488 792 3543 eo,
832 3467 912 3542 quod
936 3464 981 3531 'dv
1009 3491 1073 3528 com
1101 3472 1232 3542 optativo
1264 3471 1356 3529 futuri

317 3553 503 3610 coniunctum
525 3561 586 3628 est,
617 3572 674 3626 quo
708 3552 744 3610 de
771 3571 805 3610 re
830 3572 922 3626 supro
952 3575 981 3627 p.
1008 3557 1068 3610 147
1081 3573 1158 3625 sqq„
1173 3553 1356 3626 explicatum

317 3643 370 3692 est.
412 3632 454 3692 Et
482 3637 514 3693 iu
534 3634 591 3693 hoo
611 3635 732 3709 quidem
751 3633 962 3710 Xenophontis
989 3637 1053 3694 Ιοοο
1076 3626 1115 3717 ἢν
1136 3657 1201 3692 curu
1224 3642 1356 3708 optativo

316 3719 500 3776 coniunctum
523 3719 645 3777 incitem
670 3722 888 3792 exeusationem
907 3717 995 3777 hebet
1016 3721 1053 3776 nb
1073 3720 1203 3776 oratione
1220 3720 1354 3795 oblique,

314 3802 347 3858 iu
379 3799 470 3858 eltero
497 3809 593 3860 eutem
617 3799 826 3875 Xenophontis
854 3803 938 3877 loeo,
966 3822 1054 3876 quem
1076 3801 1179 3881 adtulit
1198 3798 1236 3858 G.
1255 3800 1356 3862 Bern-

313 3880 412 3958 hsrdy
433 3885 465 3940 in
486 3886 610 3956 Spectant
634 3887 684 3942 Gr.
707 3887 775 3960 λλιος.
797 3907 828 3959 p.
852 3889 923 3942 412.
949 3904 967 3943 e
992 3885 1068 3943 libro
1101 3890 1145 3941 De
1172 3883 1267 3956 officio
1289 3907 1355 3944 mo-

313 3971 397 4039 pietm'
419 3970 542 4042 equitum
563 3987 626 4040 eep.
649 3965 723 4026 th.
748 3972 778 4039 ὁ.
802 3973 848 4040 4.,
873 3970 924 4026 uhi
944 3965 1017 4026 heec
1037 3967 1196 4026 hahentur:
1225 3959 1298 4030 ”Hs
1319 3967 1356 4030 dd

313 4040 334 4130 ἡ
364 4044 425 4126 μὲν
453 4042 554 4122 πόλις
581 4044 744 4132 τρέπηται
775 4043 833 4113 ἐπὶ
858 4047 900 4113 τὰ
919 4045 1059 4112 ναυτικὰ
1080 4045 1137 4111 καὶ
1159 4043 1248 4132 siper]
1267 4045 1355 4134 ἀύτῇ

313 4125 356 4190 τὰ
385 4125 474 4212 τεύχη
504 4128 694 4208 διασώζειν,
724 4127 839 4214 ὥσπερ
866 4130 923 4196 καὶ
950 4125 1057 4195 ὁπότε
1082 4128 1357 4209 Λακεδαιμόνιοι

266 4251 268 4254 -
314 4207 373 4273 σόν
395 4209 505 4277 ἅπασι
526 4212 758 4295 missusque
770 4213 934 4296 ἐνέβαλον,
954 4213 1035 4290 τοὺς
1051 4211 1089 4278 δὲ
1104 4208 1238 4290 ἱππέας
1253 4210 1357 4293 ἀξιώ-
