2850 4842
710 318 722 347 Ι

297 486 341 554 86
455 571 457 580 Ι
583 573 588 587 Ι
649 477 998 561 ditescendi.

297 675 358 716 non
379 672 465 729 posse
488 672 554 712 eam
575 650 818 728 incumbebam,
842 652 899 710 nisi
924 649 1065 726 quaedam
1090 650 1348 713 condicioeffera-

298 750 354 811 tar,
378 760 434 812 qua
454 736 521 810 hoc,
542 736 621 811 quod
642 737 706 795 lieri
730 736 845 811 dicitur,
867 737 1057 810 potissumum
1072 734 1138 793 lieri
1153 736 1347 812 significetur.

296 821 416 881 Dicitur
447 824 527 880 enim
558 820 628 879 hcc:
664 840 749 897 qaam
770 821 854 879 aliter
878 828 937 877 tata
960 820 1013 877 lanc
1036 820 1210 890 coadicioam
1240 830 1274 877 ut
1299 824 1348 880 vis

297 927 331 965 ac
355 916 482 979 potestas
505 905 648 963 tonnulae
675 893 783 976 ἄλλως
805 924 840 965 τε
862 898 919 964 καὶ
939 903 1115 977 respondeat
1135 903 1197 961 sere
1219 901 1349 963 Latinae

296 990 457 1064 particulae
473 994 637 1063 praesemina
659 997 687 1046 et
707 997 823 1077 nostrae
843 986 948 1045 zusttal.
993 986 1048 1045 Est
1063 996 1160 1044 autem
1173 988 1234 1059 ills,
1255 1010 1348 1061 quam

298 1072 378 1145 dixi,
405 1071 536 1129 condicio
558 1083 607 1128 aut
627 1074 741 1143 integra
763 1071 961 1129 enuntiatione
986 1070 1178 1127 condicionali
1201 1070 1349 1130 declarata

297 1165 347 1214 sut
365 1158 453 1213 etiam
471 1154 530 1212 alia
546 1158 759 1213 constructione
778 1156 918 1212 orationis
936 1154 1096 1229 significata
1115 1164 1226 1211 tautum
1246 1156 1347 1213 modo.

381 1236 431 1299 Ac
447 1240 575 1312 prirrmm
591 1239 709 1313 quidem
727 1236 805 1311 apud
819 1236 1046 1295 Demosthenem
1065 1238 1095 1295 iu
1110 1240 1249 1313 oratione,
1266 1259 1348 1313 quae

297 1327 343 1381 est
372 1326 415 1380 Dc
442 1341 563 1397 corona,
593 1326 621 1395 §.
650 1324 680 1381 5.
706 1321 752 1380 ed.
779 1318 878 1380 Betk.
906 1342 936 1394 p.
956 1326 1029 1378 227.
1050 1320 1221 1379 eddleisl.
1251 1320 1347 1395 plens

297 1407 429 1464 oratione
453 1406 573 1463 dicitnr:
607 1399 747 1466 Πόντιον
773 1400 834 1506 μὲν
861 1398 924 1487 γὰρ
946 1393 1213 1487 ἀποστερεῖσθαι
1236 1402 1349 1486 λυπη-

297 1483 358 1570 ρόν
391 1482 461 1567 ἐστι
492 1484 548 1550 καὶ
572 1480 738 1565 χαλεπόν,
771 1478 880 1560 ἄλλως
906 1506 942 1547 as
970 1478 1030 1549 aiis
1057 1478 1110 1549 ὑπ’
1140 1483 1263 1567 ἐχθροῦ
1297 1510 1348 1572 την

296 1572 395 1633 τοῦτο
418 1567 582 1654 συμβαίνῃ
604 1564 679 1642 ach,
701 1574 752 1628 ubi
773 1570 828 1628 hoo
849 1570 967 1627 dicitur:
998 1590 1061 1627 cant
1081 1571 1165 1628 alitur
1185 1581 1233 1627 aut
1255 1572 1346 1642 alias,

296 1663 357 1711 tam
385 1656 496 1731 quando
523 1656 558 1712 ah
584 1655 663 1713 ltostc
692 1659 737 1712 cui
763 1656 814 1713 hoc
838 1654 998 1727 αοιιιὶοηιιι,
1024 1652 1056 1710 id
1083 1662 1145 1727 est,
1175 1660 1347 1729 pracsertim

296 1739 380 1812 ιμιοοι
400 1739 430 1795 id
448 1738 483 1796 ab
503 1738 690 1797 immolam
707 1738 858 1810 inferatur.
901 1735 1014 1794 Eodem
1032 1737 1126 1813 modo·
1138 1736 1242 1795 dicitur
1262 1739 1348 1811 apud

295 1816 527 1896 Xenophontem
554 1824 587 1878 in
616 1819 776 1895 Disciplina
802 1824 866 1893 Gpti
892 1820 945 1879 lib.
967 1818 1007 1878 ll.
1030 1812 1145 1895 cap.'⁴l.
1167 1824 1194 1892 §.
1219 1828 1267 1879 ll.
1296 1822 1347 1882 ed.

294 1902 391 1971 Zeno.
423 1897 498 1966 Ἐὰν
525 1900 588 1986 γὰρ
611 1898 651 1967 σὺ
673 1894 811 1985 dosora
834 1897 924 1988 ἔχῃς,
957 1892 1021 1965 οἶδ’
1046 1900 1100 1966 ὅτι
1123 1901 1180 1965 καὶ
1202 1899 1277 1981 ἐμοὶ
1302 1896 1348 1965 ἂν

296 1981 349 2065 εἴη
371 1981 564 2067 λαμβάνειν,
588 1978 692 2050 ὁπότε
714 1982 859 2067 δεοίμην,
883 1978 993 2061 ἄλλως
1013 2007 1048 2049 τε
1071 1982 1126 2048 καὶ
1149 1980 1180 2048 εἰ
1202 1982 1251 2061 εἷς
1271 2008 1347 2050 τοι·

295 2065 457 2174 σι’)ιόνςτι
485 2064 687 2149 λαμβάνοιμι
718 2060 736 2133 ll
758 2068 873 2148 μέλλει
896 2065 951 2131 καί
974 2066 1027 2132 σοὶ
1049 2066 1244 2151 δαπανηθὲν
1263 2068 1348 2149 βέλ-

295 2175 367 2217 τιον
388 2176 483 2217 etuas.
509 2176 572 2213 αιοι
596 2155 760 2212 alitcmtnm
781 2159 894 2223 sieta,
917 2153 1022 2226 idest,
1043 2158 1210 2229 praesertim
1230 2157 1256 2211 si
1277 2163 1347 2225 eta,

294 2240 495 2297 zantalwaaa
515 2240 561 2297 iclt
580 2259 609 2296 a.
627 2258 652 2296 s.
672 2258 710 2296 ts.
731 2246 762 2296 et
783 2237 860 2312 apud
881 2230 1085 2312 Thucydidem
1105 2232 1211 2317 ltn211.
1229 2258 1291 2311 cap.
1307 2246 1343 2297 3.

295 2315 329 2384 οἱ
358 2318 395 2385 δὲ
422 2320 598 2402 Πλαταιῆς
627 2357 665 2365 -
695 2315 783 2403 πρὸς
808 2315 968 2398 ξύμβασιν
991 2314 1160 2401 ἐχώρησαν
1181 2308 1236 2381 καὶ
1259 2312 1348 2395 casis

295 2398 416 2483 λόγους
438 2399 612 2481 δεξάμενοι
634 2395 807 2485 ἡσύχαζον,
830 2398 938 2477 ἄλλως
960 2424 994 2466 cs
1017 2404 1074 2468 nai
1096 2396 1208 2485 ἐπειδὴ
1229 2399 1264 2475 ἐς
1279 2394 1348 2466 οὗ·

295 2481 373 2549 δι’να
395 2478 492 2549 οὐδὲν
514 2480 731 2568 ἑνειοτέριζαν.

291 2607 296 2613 -
379 2565 440 2627 Sed
473 2572 653 2643 saepissume
685 2572 775 2628 etism
805 2591 859 2645 per
890 2572 1042 2645 participis
1075 2570 1251 2647 significatur
1281 2573 1349 2633 ista

293 2650 443 2723 condicio,
474 2673 532 2726 qua
555 2652 668 2727 aliquid
689 2652 880 2727 potissumum
900 2675 965 2715 csse
989 2662 1039 2712 atat
1059 2654 1126 2713 fieri
1150 2655 1278 2729 dicatur,
1308 2666 1349 2714 ut

292 2737 326 2794 iu
353 2736 414 2795 illis
433 2737 518 2811 locis,
548 2758 621 2811 qnos
642 2746 671 2795 et
691 2740 749 2812 ipsi
772 2760 858 2814 supra
879 2742 1028 2812 posuimus
1049 2738 1215 2812 expslicaudi
1239 2759 1349 2797 caussa

291 2841 323 2893 p.
345 2824 395 2877 84.
416 2841 455 2879 ex
474 2819 684 2895 Aristophanis
706 2822 781 2879 Not.
802 2844 828 2881 v.
847 2828 937 2882 1269.
956 2834 1041 2881 etex
1054 2822 1167 2881 Electra
1185 2818 1348 2895 Sophoclis

291 2924 322 2962 v.
345 2909 437 2965 1217.
466 2914 496 2963 et
523 2904 670 2965 Devarius
693 2904 798 2963 adtulit
820 2928 849 2981 p.
870 2911 920 2964 24.
947 2917 987 2964 ex'
1007 2904 1142 2964 Isocratis
1165 2911 1347 2980 Pa-aepprico

291 2990 321 3059 §.
346 2993 415 3045 106.
440 2988 486 3046 ed.
507 2987 607 3048 Betk.
631 3013 660 3064 p.
685 2996 736 3047 62.
763 2990 807 3048 ed.
830 2988 870 3048 H.
893 2986 996 3065 Steph.
1019 2998 1109 3048 etex
1129 2987 1348 3063 Xenophontis

290 3072 451 3131 Memorah.
476 3076 604 3132 Socratis
624 3074 683 3132 lib.
708 3070 750 3133 II.
779 3096 802 3130 c.
827 3080 856 3131 8.
879 3078 907 3145 §.
933 3082 961 3131 1.
1005 3073 1121 3151 Quibus
1144 3076 1202 3130 inm
1224 3075 1349 3133 accedat

290 3152 425 3213 Platonis
446 3156 537 3230 locus,
560 3160 611 3232 qui
634 3158 739 3233 legitur
762 3160 795 3215 in
817 3158 946 3216 Phaedro
967 3154 1045 3215 Psrt.
1063 3155 1086 3214 l.
1109 3157 1168 3216 vol.
1189 3154 1213 3215 Ι.
1235 3178 1273 3261 p.-
1288 3154 1354 3216 42:

291 3238 337 3296 ed.
362 3235 463 3298 Bell.
486 3261 515 3313 p.
536 3246 607 3299 247.
627 3240 675 3299 ed.
697 3240 738 3300 H.
761 3238 865 3315 Steph.
904 3236 1092 3341 Τολμητὲον
1119 3234 1183 3339 peip
1214 3262 1271 3301 ουν
1301 3234 1349 3305 τό

290 3343 328 3402 pe
351 3316 479 3403 ἀληθὲς
501 3315 618 3391 εἰπεῖν,
641 3316 749 3397 ἄλλως
770 3345 805 3385 τε
829 3316 884 3385 καὶ
906 3320 985 3405 περὶ
1000 3320 1350 3403 αληδειαςλέγαντα.,

290 3404 368 3479 quod
396 3409 483 3462 etiam
509 3405 613 3466 Latini
633 3413 748 3465 vertere
769 3416 893 3482 possunt
913 3405 970 3465 hoc
989 3407 1093 3466 modo:
1123 3406 1245 3464 Λιιιλιιιι
1261 3408 1349 3465 dccet

289 3506 387 3545 aarum
410 3489 515 3559 dicere,
539 3496 705 3567 pracsertim
728 3492 762 3547 da
784 3496 902 3549 varitate
923 3491 1078 3565 dicantem„
1102 3500 1130 3547 et
1153 3486 1350 3565 Thucydidis

290 3572 378 3648 etiam
401 3572 501 3645 paullo
525 3575 694 3648 impeditior
718 3574 799 3633 locus
826 3569 974 3633 lib.V11.
1002 3595 1065 3647 cap.
1088 3579 1156 3643 80„
1187 3575 1236 3631 ubi
1265 3572 1350 3635 haec

288 3656 380 3715 verba
401 3656 557 3731 leguntur:
591 3651 784 3731 Italicenses
807 3646 864 3720 οὖν
886 3651 978 3741 παρὰ
1001 3652 1111 3719 πολλὰ
1135 3650 1281 3738 ἐχώρουν
1307 3652 1349 3719 ἓν

288 3739 331 3823 τῇ
351 3736 453 3813 νυκτί,
476 3736 532 3803 nai
553 3732 677 3814 αὐτοῖς,
698 3728 771 3802 οἷον
794 3738 887 3823 φιλεῖ
909 3737 965 3803 καὶ
983 3740 1068 3802 πᾶσι
1085 3738 1347 3821 στρατοπέδοις,
1398 3814 1401 3817 ¹

287 3815 435 3897 μάλιστα
459 3820 496 3887 δὲ
520 3828 593 3898 τοῖς
613 3818 793 3924 μερίστοις,
819 3816 922 3906 φόβοι
948 3818 1004 3885 καὶ
1029 3818 1170 3901 δείματα
1196 3816 1349 3923 dpps'pns-

288 3907 392 3979 σδαι,
421 3901 529 3981 ἄλλως
550 3929 586 3969 τε
611 3928 667 3968 και
694 3901 726 3969 ἐν
750 3904 842 3969 νυκτί
868 3927 903 3968 τι
933 3902 988 3968 καὶ
1013 3901 1070 3967 διὰ
1092 3904 1259 3983 πολεμιας
1282 3902 1350 3970 καὶ

288 3978 359 4050 ἀπὸ
392 3984 562 4066 πολεμίων
594 3982 634 4052 ait
666 3986 755 4051 πολὺ
788 3978 979 4066 <inextinctus
1011 3982 1139 4064 ἰοῦσιν,
1176 3984 1362 4067 ἐμπίπτει,

287 4065 413 4173 ταραχη
437 4067 502 4135 aci.
545 4071 597 4133 Sic
617 4074 696 4133 idem
718 4070 905 4149 Thucydides
928 4075 979 4131 lib.
996 4070 1054 4131 IV.
1071 4094 1133 4147 cop.
1153 4078 1222 4130 104.
1240 4071 1346 4132 dixit:

247 4156 249 4165 '
282 4145 335 4228 Ἐς
362 4160 509 4240 θοροβον
538 4155 641 4240 μέγαν
664 4154 794 4221 κατέστι
806 4178 882 4231 σαν,
913 4149 1022 4231 ἄλλως
1042 4178 1078 4219 τι
1102 4151 1157 4217 καὶ
1179 4147 1349 4235 ἀλληλοις

287 4232 439 4300 ὕποπτοι
467 4231 569 4315 ὄντες.
618 4240 726 4316 Neque
755 4182 911 4299 abhorrent
939 4243 983 4305 abr
1006 4240 1060 4299 hac
1085 4240 1201 4298 dicendi
1221 4240 1350 4301 ratione

287 4319 334 4376 illi
354 4320 422 4397 loci,
442 4325 494 4383 obl
514 4325 644 4400 simplex
664 4328 850 4403 participium
870 4344 924 4403 pes
944 4324 1020 4387 hano
1034 4324 1192 4385 formulam
1205 4322 1353 4405 effertur,
