2850 4842
318 485 361 553 64
680 477 797 577 deddc}
823 479 872 570 νὴ
902 478 1001 551 Ata.

318 659 353 715 st
372 657 447 713 nem
465 662 532 713 sont
550 671 629 725 orne,
649 662 715 713 ronst
735 658 821 713 etiarn
838 654 886 711 dt:
908 655 988 729 utqui
1006 659 1072 711 sont
1088 670 1167 723 orne,
1188 655 1347 730 corripere

317 745 404 799 rrum
422 738 471 807 di,
496 739 547 796 ubi
570 739 619 796 sed
638 757 705 797 cero
729 740 783 798 rix
804 737 901 795 locum
924 735 1022 795 habet.

134 824 226 884 'Asta
244 825 318 897 μὴν.
403 818 540 880 Ceterum
571 842 658 897 saepe
685 842 806 880 numero
835 821 871 879 ad
887 819 1050 895 ⁸particulae
1076 808 1162 881 ἀλλὰ
1182 815 1246 901 μὴν
1267 820 1350 877 inter·
1409 866 1410 897 ,

170 924 206 935 ··
223 899 267 965 75·
319 909 416 983 posite
438 906 496 963 alia
516 926 585 964 voce
609 906 717 965 accedit
740 905 880 981 porticula
904 899 954 985 γε’,
985 923 1061 977 quae
1082 912 1190 961 certam
1213 903 1349 977 quandam

318 1011 419 1051 vocem
449 988 549 1065 effert,
579 989 671 1049 veluti
697 993 730 1048 in
760 988 893 1048 Platonis
925 990 1033 1063 Gonpto
1065 982 1144 1044 Part.
1174 984 1216 1044 11.
1245 987 1299 1046 nol.
1325 986 1347 1043 l.

318 1097 349 1150 p,
382 1080 459 1147 112,
487 1078 537 1133 16.
575 1071 621 1131 ed.
653 1070 755 1132 Bekk.
791 1094 823 1149 p.
855 1075 927 1131 498.
956 1069 1001 1131 cd.
1032 1068 1074 1131 Η.
1102 1068 1211 1147 Steph.
1244 1062 1350 1131 Ἀλλὰ

318 1152 384 1257 pipp
399 1149 442 1255 ³pl'
458 1176 495 1234 γε
516 1151 676 1259 ‹pprivrpor
697 1152 755 1218 καὶ
776 1150 810 1218 οὶ
827 1147 975 1241 ἀνδρεῖοι
992 1145 1127 1234 ἀγαθοί,
1152 1148 1187 1216 oi
1202 1149 1238 1217 de*
1252 1148 1348 1215 δειλοὶ
1409 1170 1410 1173 ’

319 1261 374 1301 και
396 1257 542 1319 apponas
562 1260 671 1302 κακοι.
724 1238 813 1319 Quod
836 1241 891 1298 etsi
911 1259 965 1313 pro
988 1239 1032 1296 rei
1055 1246 1157 1295 natura
1183 1236 1347 1295 estfactum

317 1324 513 1396 saepissume,
543 1342 631 1380 nemo
663 1330 760 1381 tamen
790 1343 826 1381 eo
853 1320 1072 1396 progredietur,
1099 1342 1164 1395 ,quo
1195 1320 1230 1379 de
1253 1317 1347 1378 Xeno·

316 1404 427 1482 phonte
457 1404 575 1479 quidem
598 1425 770 1480 progressus
796 1412 839 1465 est
863 1402 1057 1463 Schneiderua
1081 1404 1117 1461 ad
1142 1404 1347 1480 Expeditionem

319 1491 384 1561 (ἤιά
409 1487 462 1545 lit.
485 1484 529 1550 V.
556 1508 618 1563 cap.
645 1494 674 1548 8.
701 1492 730 1560 5.
752 1495 802 1548 26.
827 1486 933 1563 Zeunr,
956 1496 989 1545 ut
1013 1488 1168 1546 contendat
1189 1480 1271 1549 ἀλλὰ
1289 1480 1346 1567 μὴν

266 1611 272 1623 ,
316 1571 479 1647 particulas,
504 1573 529 1629 si
548 1572 745 1644 respondeant
767 1570 886 1629 Latinis
905 1576 994 1649 utqui,
1016 1579 1048 1629 ot
1066 1590 1141 1640 cero,
1163 1590 1279 1645 semper
1289 1589 1346 1625 curn

315 1656 456 1731 particula
479 1650 516 1735 γὲ
539 1655 677 1729 copulari.
720 1653 765 1713 Ea
790 1658 870 1715 enim
893 1664 935 1713 est
958 1650 1062 1711 lnarnm
1082 1654 1286 1727 particularum
1301 1672 1345 1709 na·

315 1749 396 1815 tura,
423 1748 456 1795 ut
479 1736 527 1797 lris
550 1735 587 1819 γὲ
609 1741 777 1798 rectissume
802 1739 889 1797 adiici
912 1740 1018 1811 possit,
1044 1737 1125 1794 nollo
1151 1749 1245 1795 autem
1268 1734 1345 1792 modo

315 1843 433 1882 neeesse
463 1824 503 1881 sit
529 1820 560 1880 id
588 1842 705 1897 semper
732 1822 809 1893 steri.
860 1818 948 1883 Cous.
982 1817 1014 1878 G.
1039 1817 1078 1879 G.
1101 1818 1286 1895 Kruegernm
1313 1818 1345 1875 ad

280 1933 283 1938 >
317 1909 383 1979 Gyri
410 1906 611 1981 exepeditionem
636 1928 667 1980 p.
697 1910 770 1967 304.
799 1904 847 1967 ed.
877 1908 946 1963 mai.
994 1902 1107 1963 Eodem
1142 1906 1231 1962 modo
1265 1920 1341 1975 saepe

217 2005 220 2009 ’
316 1992 405 2049 etiam
425 1988 461 2046 ad
479 1988 533 2049 lras
554 1989 709 2063 particulas
729 1988 896 2065 adiungitur
913 1988 1053 2065 particula
1075 1982 1140 2057 καί,
1163 1989 1192 2047 si
1207 1992 1278 2061 qniae
1290 2005 1342 2044 nox

317 2095 351 2133 ea
380 2073 523 2148 particula
548 2072 697 2132 efferenda
726 2082 783 2148 est,
813 2081 862 2131 sut
888 2074 919 2130 in
949 2072 1100 2131 sententiis
1123 2070 1242 2145 quidem
1263 2090 1341 2144 nega-

317 2159 386 2217 tivis
417 2148 494 2220 οὐδὲ
521 2157 678 2234 particula,
709 2178 797 2216 nemo
822 2164 918 2215 antem
939 2156 1057 2215 audebit
1081 2156 1267 2229 contendere,
1293 2151 1342 2210 lras

316 2244 394 2317 ipsas
413 2241 566 2315 particulas
588 2244 631 2299 ita
652 2262 718 2300 oum
740 2241 856 2299 illarum
875 2240 1085 2317 particularum
1102 2240 1133 2298 vi
1156 2260 1189 2321 ap
1211 2244 1341 2313 potestate

317 2328 494 2385 consociatas
525 2345 607 2401 esse,
636 2333 668 2382 ut
697 2332 747 2383 aut
776 2326 862 2383 aliter
891 2326 947 2382 dici
970 2324 1057 2398 plane
1082 2344 1141 2380 nou
1163 2324 1266 2398 possit,
1296 2326 1340 2377 aut

318 2412 406 2468 etism
426 2407 540 2483 aliquid
562 2416 688 2467 mutetur
710 2411 741 2466 in
765 2408 978 2485 significatione
997 2407 1115 2466 illarum
1123 2410 1256 2483 ,priorum
1277 2423 1340 2477 par-

315 2493 483 2566 ticularum,
507 2494 534 2551 si
557 2490 613 2550 lrae
635 2495 814 2566 posteriores
839 2492 1019 2565 adiiciuntur,
1040 2494 1084 2548 uti
1107 2490 1184 2564 apud
1200 2486 1339 2549 Platonem

315 2573 423 2649 legitur
449 2578 481 2631 in
509 2574 562 2635 lib.
588 2578 632 2631 Do
651 2594 682 2633 re
701 2576 815 2651 pntlldco
839 2573 882 2637 V.
909 2574 988 2634 Part.
1013 2572 1070 2633 Ill.
1094 2575 1152 2635 vol.
1178 2572 1202 2632 l.
1224 2595 1251 2647 p.
1272 2575 1338 2628 251.

128 2653 222 2710 ‘AEld
242 2652 300 2725 μὴν
316 2659 361 2718 ed.
392 2655 493 2717 Belsk.
521 2670 552 2733 p.
585 2661 657 2717 468.
687 2658 734 2719 ed.
763 2658 805 2720 Η.
832 2658 937 2735 Steph.
967 2651 1072 2719 Ἀλλὰ
1097 2652 1164 2739 μὴν
1193 2652 1245 2719 καὶ
1269 2642 1336 2751 nori:

191 2728 247 2780 “l-
306 2735 456 2823 ’Όμηρον
472 2742 565 2815 ’τοῖς
595 2740 742 2806 τοιοῖσδε
774 2744 873 2821 τιμᾶν
904 2742 969 2805 τῶν
999 2738 1079 2803 νέων
1111 2737 1188 2804 ὅσοι
1217 2730 1337 2820 ἆγαθοι,
1409 2756 1410 2835 p

316 2835 345 2885 et
375 2825 485 2883 ibidem
514 2824 614 2899 paullo
643 2834 710 2884 ante
736 2848 767 2901 p.
793 2832 865 2885 249.
889 2826 935 2886 ed.
961 2823 1060 2883 Bekk.
1085 2846 1116 2899 p.
1141 2828 1214 2883 467.
1238 2820 1275 2881 Α.
1297 2817 1339 2877 ed.

132 2900 300 2973 'And-priv
314 2907 356 2967 11.
387 2906 492 2992 Stepln
521 2901 627 3007 ’Alide
652 2904 730 3013 μὴνγ
745 2906 801 2973 καὶ
827 2902 983 2989 μαχεῖταί
1010 2929 1046 2989 γε
1072 2907 1140 2970 πᾶν
1172 2904 1251 2985 ζῶον
1274 2900 1339 2965 δια·
1409 2946 1410 2953 .

392 2986 400 3009 Ι

147 2976 297 3043 καὶ-Τί
316 3012 485 3076 φεροντως
506 3013 682 3074 uaporem
703 3016 749 3054 ων
771 2985 810 3055 dv
829 2991 926 3079 τέκη,
955 3000 1005 3050 aut
1029 2991 1163 3048 adiuncta
1183 2982 1257 3053 οῧόἕ
1279 3004 1338 3061 por·

316 3079 402 3136 ticula
425 3076 502 3153 apud
519 3073 683 3135 Homerum
708 3084 750 3135 est
772 3080 805 3137 in
826 3058 938 3143 Iliddoa
959 3076 1010 3134 lib.
1031 3072 1158 3134 Xlllll.
1182 3095 1211 3133 r.
1234 3074 1302 3135 441.
1409 3158 1410 3161 ¹

19 3245 20 3248 κ
132 3205 220 3261 Ἀλλὰ
239 3205 299 3279 μὰν
459 3204 534 3260 Ἀλλ’
557 3206 589 3262 od
606 3206 666 3281 μὰν
684 3206 744 3263 οὐδ’
762 3204 799 3270 ὣς
816 3190 880 3282 deep
899 3204 982 3283 ὅρκου
1001 3208 1062 3279 clep
1079 3199 1193 3259 dedier.

177 3276 253 3332 otte.

314 3328 393 3389 Hae,
412 3332 492 3390 enim
521 3332 679 3405 particulae
708 3352 808 3391 omnes
836 3334 877 3389 ita
910 3330 1101 3403 adiiciuntur,
1131 3335 1163 3385 ut
1189 3324 1263 3384 uilril
1282 3342 1338 3381 cum
1409 3326 1410 3353 ³

313 3416 461 3488 particulis
494 3406 578 3478 ἀλλὰ
602 3412 668 3499 μὴν
692 3434 842 3474 commune
866 3413 1010 3489 habeant,
1036 3413 1089 3473 sed
1112 3411 1147 3470 ad
1173 3408 1339 3486 singularem
1409 3422 1410 3465 t

275 3534 281 3543 κ
312 3499 408 3570 potius
430 3499 519 3556 totius
543 3502 685 3558 enuntiati
705 3504 855 3560 notionem
874 3501 1054 3573 pertineant,
1081 3504 1114 3553 ut
1137 3516 1224 3569 opera
1245 3492 1340 3551 harum

313 3581 540 3640 enarrandarum
561 3605 659 3643 rerum
680 3583 829 3643 commode
849 3582 1039 3657 supersedere
1060 3582 1216 3655 possimus.

614 3761 883 3853 ’Arne-re
925 3763 1049 3831 Ara.

147 3901 236 3965 'Alli
262 3910 296 3983 ”l
396 3916 485 3999 Quod
505 3916 652 3977 Devarius
669 3940 699 3993 p.
722 3925 760 3977 18
783 3940 829 3995 sq.
852 3892 1012 3995 explicavit
1033 3918 1069 3977 de
1089 3914 1212 3995 formula
1232 3905 1336 3971 dicendi
1409 3934 1410 3975 n

153 4070 156 4077 ,
196 3986 261 4039 Δία·
313 3991 397 4063 ἀλλὰ
426 3997 465 4085 νὴ
493 3997 578 4077 Δία,
606 4002 638 4061 id
670 4004 724 4061 etsi
750 4024 803 4078 per
828 4024 861 4064 se
887 4007 940 4064 rix
967 4003 1002 4061 ad
1025 4006 1117 4076 ipsam
1142 3996 1335 4086 particularum
1409 3978 1410 4001 ¹

168 4128 172 4134 .
202 4085 232 4135 P·
251 4085 294 4140 18.
311 4082 471 4144 doctrinam
494 4089 638 4161 pertinet,
668 4108 756 4161 quom
782 4079 867 4150 ditet
889 4087 968 4146 nihil
991 4086 1069 4147 aliud
1090 4087 1148 4144 nisi
1168 4088 1288 4158 opponat
1309 4093 1334 4129 er
1409 4092 1410 4103 ¹

310 4170 365 4242 rei,
387 4191 463 4243 quae
485 4169 560 4229 dicta
581 4181 636 4246 est,
657 4192 763 4230 novam
784 4193 856 4246 rem,
877 4174 967 4231 verba
984 4182 1082 4230 autem
1099 4164 1137 4251 νὴ
1158 4168 1225 4229 Δία
1243 4161 1275 4220 de
1290 4175 1333 4228 ⁸⁰2

311 4251 390 4323 quod
416 4256 476 4311 iam
502 4254 678 4331 declaratur,
705 4276 817 4314 summo
846 4276 934 4330 opere
962 4258 1048 4329 qnasi
1069 4258 1133 4313 iure
1155 4246 1271 4309 iurando
1289 4238 1334 4297 ad·

310 4332 444 4410 firment,
474 4345 578 4415 tamen,
595 4347 752 4415 propterea
779 4339 836 4398 lruc
857 4341 956 4403 vocari
978 4342 1091 4417 potuit,
1117 4334 1193 4413 quod
1214 4352 1231 4391 ⁸
1250 4327 1336 4405 1¹¹ima
