2850 4842
360 395 404 445 ιν
735 363 999 442 Praefatio.

359 575 427 650 sed
446 596 583 672 purum
604 568 839 646 considerato
865 568 1088 664 addidisset,
1120 568 1240 648 nitere
1264 582 1389 651 sutem

359 691 552 771 volumine
594 711 641 764 ea
685 688 889 784 exhibere,
928 709 1026 786 quae
1059 687 1140 789 ipse
1180 693 1390 770 adnotanda

360 820 547 913 putarem.
934 803 955 848 ¹

462 980 610 1054 Interea
641 998 729 1049 cum
752 975 883 1048 Matth.
908 975 1094 1052 Devarius
1130 1001 1228 1076 quae
1260 979 1390 1054 adtulit

363 1099 559 1198 exempla,
586 1093 722 1192 quibus
744 1117 767 1166 c
788 1094 878 1168 lucis
902 1096 1018 1191 petitu
1045 1106 1179 1190 essent,
1205 1122 1276 1195 pro
1301 1123 1391 1176 ccu-

362 1217 556 1298 suetudine
598 1213 697 1286 illius
736 1211 939 1311 temporis,
983 1239 1060 1311 quc
1101 1216 1270 1313 scripsit,
1316 1244 1391 1292 nnn

362 1339 449 1416 satis
484 1331 780 1436 significavisset,
816 1353 973 1430 operam
1006 1333 1115 1427 dedi,
1155 1344 1197 1408 ut
1227 1337 1389 1428 numeri,

363 1457 488 1557 «prend
523 1454 603 1528 eius
633 1450 716 1523 fieri
743 1458 886 1548 posset,
920 1450 1055 1552 singuli
1076 1452 1389 1529 adscriberenun.

363 1579 447 1678 Qun
471 1576 511 1649 in
535 1595 579 1646 re
604 1568 751 1644 etiamsi
774 1568 806 1642 Ι.
834 1567 882 1643 G.
908 1569 1137 1645 Rerumanni
1159 1596 1276 1670 opera
1304 1598 1389 1647 era-

361 1722 446 1775 mus
475 1690 612 1785 udiuti,
644 1697 770 1763 tamen
794 1686 939 1780 omnia,
966 1714 1066 1764 nunc
1089 1692 1291 1788 exquirere
1314 1718 1391 1765 nou

360 1815 575 1919 potuimus,
600 1816 642 1883 ut
665 1830 763 1906 quac
787 1808 1050 1904 praetermissa
1073 1809 1162 1904 sint,
1189 1811 1298 1885 alteri
1318 1837 1390 1885 vo-

360 1933 514 2027 lnnini,
548 1928 652 2028 quod
689 1950 736 2000 ea
769 1950 866 2023 quae
890 1925 1001 2000 instat
1027 1927 1154 2002 hieme
1178 1931 1389 2006 absolutum

360 2057 409 2130 iri
432 2072 645 2153 speramus,
676 2052 818 2119 restent
840 2046 1071 2144 praestanda.

457 2289 523 2366 Sic
560 2285 674 2386 igitur
715 2286 907 2378 optamus,
942 2288 985 2353 ut
1016 2303 1141 2381 neque
1177 2285 1384 2378 consilium,

359 2409 462 2509 quod
491 2405 678 2505 cepimus,
711 2418 835 2494 neque
857 2397 975 2492 ratic,
1011 2401 1151 2496 quaid
1174 2425 1386 2504 exsequen.

358 2529 451 2603 dum
487 2521 722 2625 putavimus,
756 2513 972 2590 hominibus
1009 2519 1147 2598 hurum
1176 2523 1385 2600 litteral-m

355 2645 486 2749 peritis
510 2637 758 2739 improbetur.

455 2874 600 2976 Scripsi
632 2872 786 2972 Lipsiae
816 2871 880 2948 die
914 2871 1023 2950 xvi.
1055 2897 1177 2953 mens.
1203 2877 1379 2980 septom.

351 2999 432 3076 bris
457 2990 815 3101 ΜΒΟΟΟΧΧΧΝ.χ
