2850 4842
554 495 651 613 iio-cr.
1061 504 1124 575 iot

89 675 252 752 improbari.
294 671 533 751 significavimus
553 675 632 733 euim
644 671 727 747 illem
747 673 920 751 particulam
938 694 1000 737 uon
1018 696 1124 739 novam
1162 738 1165 745 ,

90 783 144 822 rem
169 759 286 820 inferre
310 766 400 832 atqua
427 761 675 834 inexspectatum,
705 758 757 818 red
784 761 882 835 potius
908 780 962 821 nos
990 781 1126 822 revocare
1200 824 1203 833 ,

90 846 122 903 ai
141 845 181 921 id,
205 841 286 919 qnod
309 845 370 901 iam
391 849 485 902 actum
506 852 599 917 esset,
627 850 660 900 ut
679 842 788 903 exinde
807 842 924 902 demum
943 852 1127 921 sequeretur,

19 936 20 984 t
92 929 240 1003 quodiam
260 945 392 987 ”semus
413 924 527 986 dicturi.
570 923 605 985 ld
625 946 686 984 uon
701 926 801 1000 ,solum
820 926 897 1003 apud
917 925 1035 989 Atticos
1055 932 1127 989 sori·

19 1031 20 1042 ¹
91 1023 189 1088 ptores,
212 1032 341 1087 qnorum
361 1029 526 1069 sermonem
548 1011 614 1084 ipso
639 998 772 1091 llerario
794 1018 910 1072 auctore
933 1016 1127 1088 potissumum

91 1098 242 1171 sequimur,
264 1098 308 1153 sic
329 1114 392 1153 sese
414 1092 512 1167 babet,
538 1114 640 1153 verum
654 1096 751 1155 [ctiam
764 1095 797 1153 iu
810 1091 936 1155 Homeri
950 1097 1125 1156 carminibus

92 1180 182 1239 eudem
202 1177 381 1256 significatio
402 1176 563 1253 particulae
582 1178 669 1247 facilc
686 1180 806 1254 agnosci
824 1188 927 1254 potest,
949 1200 1126 1255 quamquam

91 1263 225 1323 interdum
241 1260 454 1321 difficillumum
470 1268 515 1321 eat
529 1283 587 1321 uuo
601 1262 633 1321 id
645 1262 736 1321 verbo
751 1268 801 1319 aut
815 1260 923 1321 Latino
938 1271 989 1322 aut
1002 1262 1125 1323 Germe·

94 1347 150 1406 nico
165 1346 298 1407 reddere.
331 1342 392 1406 Sed
406 1366 445 1405 ue
458 1348 524 1405 siue
538 1366 637 1405 caussa
652 1346 774 1420 obloqui
785 1343 953 1421 Hartungio
964 1346 1127 1427 videamur,
1160 1410 1168 1419 ,,

94 1451 131 1489 ex
149 1428 272 1489 Homeri
293 1430 406 1489 Iliados
436 1428 513 1487 libro
539 1432 636 1504 primo
666 1429 810 1503 adponam
838 1429 935 1504 locos,
961 1432 995 1489 iu
1022 1431 1126 1505 quibus

96 1534 141 1573 eae
158 1514 335 1590 particulae,
357 1533 433 1587 quae
455 1516 492 1571 ab
512 1510 568 1571 boc
589 1511 844 1596 fouteuproiectiie
865 1522 948 1571 suut:
976 1506 1052 1595 ἄρα,
1075 1506 1127 1599 ἄρ,

95 1590 141 1679 (iri,
160 1607 314 1675 usurpatae
334 1596 481 1671 leguntur,
503 1594 670 1672 doceboque
691 1599 725 1656 iu
742 1598 876 1655 omuibus
893 1593 942 1657 bis
956 1596 1027 1656 locis
1040 1616 1129 1655 uuam

95 1682 264 1759 eandemque
298 1682 359 1741 rim
390 1702 424 1739 ao
453 1689 625 1756 potestatem
652 1680 810 1755 particulae
838 1682 1022 1755 conspicuam
1037 1694 1125 1741 ‘essa

60 1808 69 1819 .
96 1763 138 1825 Ae
153 1770 281 1843 primum
303 1764 420 1839 quidem
440 1785 470 1824 r.
494 1769 525 1823 8.
546 1764 666 1825 dicitur:

239 1900 293 1957 Tse
311 1894 337 1949 ι’
356 1888 489 1969 ἔριφοι
507 1897 583 1950 asor
602 1895 671 1968 ἔριδι
689 1884 973 1967 acernae-pamm„
1041 1910 1045 1917 -
1081 1916 1093 1929 ,Α

97 2020 192 2091 quibua
212 2022 245 2079 in
269 2018 366 2078 verbis
388 2016 461 2077 illud
485 2010 528 2102 ἂρ
549 2017 625 2078 nibil
646 2023 708 2079 eius
730 2018 820 2095 modi,
840 2018 919 2095 quod
938 2018 1032 2079 voluit
1049 2014 1129 2077 Har·

98 2099 211 2180 tuigins‚
230 2107 268 2164 in
288 2123 322 2175 so
337 2104 478 2181 continet,
499 2101 551 2161 aed
563 2107 663 2178 potius
678 2126 725 2179 eo,
747 2103 826 2178 quod
838 2109 954 2163 revocat
968 2102 1129 2167 auditorem
1199 2118 1202 2133 ·

98 2186 192 2261 adid,
215 2186 297 2263 qnod
317 2196 386 2245 ante
407 2186 543 2245 traditum
565 2196 626 2263 eet,
649 2187 906 2264 Agamemnonem
927 2194 957 2244 et
979 2183 1129 2244 Achillem

99 2268 170 2329 iuter
193 2292 222 2331 ae
248 2274 363 2331 rixatus
388 2290 468 2345 essa,
502 2290 631 2350 causeam
662 2269 759 2331 reddit
784 2290 871 2344 quam
901 2270 940 2328 ob
966 2287 1031 2327 rem
1054 2266 1130 2326 banc

100 2350 216 2425 potnerit
234 2356 496 2429 interrogationem
514 2359 701 2430 interponere
721 2361 872 2430 poeta,„„ut
891 2350 1038 2411 commode
1049 2350 1131 2411 reddi

20 2463 21 2468 ¹
101 2440 197 2509 possit:
227 2442 297 2510 Quia
317 2443 406 2515 ipitur
426 2439 542 2523 deorsum
563 2428 790 2499 coaetaneis-etis¹
813 2434 920 2513 Neque
948 2456 1035 2500 versu
1067 2440 1130 2511 46,

20 2569 21 2572 ,
100 2522 145 2580 ubi
162 2522 229 2583 baec
247 2524 401 2600 leguntur:

234 2649 390 2723 ’Ἐκλιιγξαν
407 2651 432 2707 δ’
451 2647 498 2726 ἄρ’
518 2650 607 2707 ὀϊστοὶ
625 2650 670 2707 ἐπ’
693 2647 780 2725 ὤμων
793 2653 961 2725 χωομένοιο,

244 2720 326 2776 αὐτοῦ
343 2725 519 2790 κινηθέντος,
590 2760 598 2790 .·
724 2790 725 2795 1
806 2740 811 2745 ·
838 2744 842 2753 ·

21 2861 22 2895 ι
101 2831 239 2905 significat
258 2832 337 2894 istud
362 2826 429 2917 ἄρα
450 2832 562 2909 aliquid
581 2834 665 2911 fieri,
696 2835 894 2909 quodminus
915 2834 1131 2907 exspectaveris
1173 2856 1179 2863 ·

100 2924 131 2971 et
156 2934 212 2989 quo
238 2919 446 2993 obstupefactus
473 2920 651 2986 constiteriu¹
671 2953 708 2963 -
743 2922 785 2977 sic
807 2921 887 2978 euim
915 2917 991 2976 dixit
1016 2916 1053 2975 de
1076 2915 1132 2973 hoc
1175 2936 1179 2943 ·

99 2997 163 3073 ipso
194 3018 280 3059 versu
306 2997 487 3077 Hartungiua
515 3001 576 3061 rol.
604 2997 629 3059 l.
658 3024 689 3076 p.
721 3004 781 3058 428
799 3036 871 3076 ,-,
903 3000 956 3060 sed
982 3006 1133 3057 revocatur

21 3113 22 3145 ι
99 3101 177 3141 mens
196 3084 339 3146 audientis
361 3086 397 3145 ad
420 3086 460 3162 id,
482 3084 560 3161 quod
581 3090 667 3141 autea
685 3082 860 3142 declaratum
883 3090 955 3158 erat,
976 3082 1053 3140 unde
1068 3080 1134 3157 boc,

100 3164 174 3237 quod
197 3170 255 3229 iam
278 3182 427 3247 narratur,
457 3175 642 3227 consecutum
666 3169 714 3225 ait.
758 3164 914 3231 Namiam
935 3174 1021 3223 autea
1042 3164 1134 3223 dictus

99 3257 155 3307 erat
175 3248 287 3328 Apollo
314 3257 407 3314 iratus
431 3253 468 3313 ab
490 3250 623 3328 Olympo
645 3248 794 3325 profectus
816 3269 898 3325 esee,
923 3248 1055 3306 humeris
1076 3246 1135 3305 tela

99 3351 195 3407 gerens
215 3347 245 3396 et
267 3341 415 3413 utrimque
434 3346 593 3397 contectam
604 3332 790 3411 pharetram,
811 3333 928 3392 dixerat
940 3332 1019 3390 enim
1032 3338 1135 3406 poeta:

516 3446 520 3453 “
546 3450 602 3503 Τοῦ
619 3446 645 3501 δ’
665 3448 746 3501 ἔκλυε
764 3451 870 3517 <homos
881 3442 1031 3504 Ἀπόλλων.

191 3520 236 3587 Βῆ
253 3518 285 3573 dl
302 3518 365 3572 κατ’
387 3514 546 3589 Οὐλύμποιο
564 3512 700 3589 καρήνων,
717 3510 862 3585 χωόμενος
880 3517 940 3589 κῆρ,

191 3582 245 3648 τόξ’
265 3582 383 3659 ὤμοισιν
399 3587 471 3657 ἔχων
487 3586 658 3658 ἀμφηρεφέα
677 3602 705 3637 τε
722 3587 873 3656 φαρέτρην.

98 3684 173 3765 Quid
193 3693 286 3768 igitur
305 3695 413 3752 mirum
432 3699 505 3767 eret,
524 3692 550 3750 ri
571 3692 613 3749 sic
632 3686 845 3763 proficiscentis
866 3686 915 3747 dei
930 3687 1053 3761 sagittae
1068 3705 1136 3742 eon·

97 3781 289 3847 munerant?
331 3775 427 3835 lanum
450 3794 630 3849 revocamur,
652 3782 685 3831 ut
708 3773 784 3850 dixi,
808 3770 910 3847 adid,
936 3768 1015 3845 quod
1036 3789 1135 3826 narra·
1164 3792 1166 3801 ¹

98 3862 153 3914 lm
173 3870 253 3935 orat,
273 3870 307 3919 ut
327 3863 383 3938 aio,
405 3880 481 3935 quae
505 3880 582 3919 nunc
604 3857 773 3933 tradantur,
794 3857 898 3919 melius
921 3853 1137 3947 intellegemus,

97 3958 151 3998 ¹¹⁰ss
177 3946 339 4007 exeitamur
364 3948 450 4019 qnasi
475 3947 580 4016 miram
607 3962 671 4002 rem
696 3943 833 4003 audituri.
875 3940 930 4001 Est
958 3942 1049 4014 igitur
1072 3956 1137 4019 αρα

97 4022 171 4085 robur
191 4033 237 4087 ito
261 4035 445 4106 corriperetis.
489 4026 597 4102 Neque
620 4027 732 4088 abludit
755 4025 832 4086 illud
854 4027 890 4084 ab
913 4023 970 4084 bac
990 4020 1137 4097 significa·

98 4105 181 4187 tione,
200 4111 390 4196 quodverm
410 4116 462 4173 58.
479 4112 583 4173 dicitur
606 4110 644 4172 de
663 4109 795 4173 lunone:

248 4237 355 4311 Κὴδετο
371 4241 427 4315 γὰρ
444 4246 574 4315 Δαναῶν,
595 4240 644 4312 bn·
654 4242 690 4316 ῥα
708 4236 880 4308 θνήσκοντας
897 4235 988 4309 ὁρᾶτο.

95 4352 166 4502 little¹
180 4362 260 4423 euim
285 4384 372 4427 amru
392 4364 477 4442 illud,
503 4367 581 4442 quod
601 4365 748 4433 inducitur
769 4382 825 4437 per
840 4361 996 4503 paritilculas
1017 4352 1071 4421 du
1083 4350 1137 4440 (tvo
