2850 4842
437 488 502 572 γέ,
535 490 694 573 yscoi,
727 499 846 583 potios.
933 555 939 560 .
1100 505 1165 572 347

118 662 280 725 restrictam
301 656 473 732 simpliciter
495 660 688 739 confirmaret,
709 661 763 728 soi
787 675 885 728 antem
906 691 970 730 eam
991 678 1164 736 sententiam

118 746 261 807 indicaret
285 744 448 818 oppositam
463 764 533 821 ¹csse
551 748 787 819 praecedentibus
809 754 933 827 quodam
947 758 1042 819 modo.
1081 758 1164 821 Vide

65 833 69 843 '
119 851 195 907 quae
226 848 315 903 supra
345 828 377 883 ia
408 829 558 900 particulis
590 827 626 909 γὲ
658 828 698 915 dr)
732 837 941 909 explicavimus
970 863 999 915 p.
1028 850 1162 921 338.sq.

117 914 185 975 Hoc
219 922 250 970 ut
280 912 415 970 docerent
443 915 621 985 grammatici
649 918 693 973 usi
722 927 790 975 sunt
816 918 1027 997 Aristophanis
1052 928 1116 987 loco
1145 948 1163 989 e

121 1003 221 1073 Vespis
250 1016 279 1057 v.
310 1000 370 1052 933
397 1014 459 1078 ρῳ,
489 1015 576 1069 quem
608 996 756 1058 Derarius
784 1014 882 1063 noster
909 1028 940 1080 p.
971 1010 1021 1067 56.
1051 1015 1162 1086 primus

116 1087 326 1159 proposuerat:

278 1172 451 1259 {ilsnrovvrd
465 1178 565 1246 χρῆμα
580 1173 709 1249 τάνδρός·
727 1177 759 1233 ori
779 1184 887 1238 soloci
906 1186 992 1253 δοκεῖ,

276 1247 450 1317 ostentamus,-
469 1244 502 1311 νὴ
522 1242 568 1297 τὸν
584 1244 643 1311 Δί’,
662 1244 771 1316 ἐπιμύει
790 1253 826 1319 γέ
841 1272 900 1321 son,

118 1336 197 1413 qnod
226 1335 394 1393 rectissume
418 1330 604 1392 Hermannus
627 1336 668 1392 ita
692 1339 795 1394 vertit:
825 1342 924 1399 adussit
948 1344 1058 1420 (pirulam
1079 1356 1160 1418 certa,

118 1432 150 1481 ut
176 1419 231 1477 hoc
256 1414 332 1475 hauc
362 1418 424 1475 lere
450 1419 482 1475 in
503 1438 536 1476 se
557 1422 717 1476 contineret
738 1425 1002 1485 ratiocinationem
1031 1436 1084 1487 etsi
1104 1452 1161 1491 oon

117 1502 276 1581 scipionia,
304 1505 347 1559 itu
368 1500 420 1557 sibi
443 1521 550 1577 ipsoque
570 1502 672 1571 valeri,
698 1513 770 1561 certe
791 1515 886 1566 sauses
905 1512 1014 1570 adussit.
1056 1511 1160 1588 ltaque

118 1592 202 1649 etiam
225 1588 255 1642 in
277 1584 401 1657 reliquis
425 1583 497 1643 locis
517 1580 556 1663 γέ
575 1606 628 1647 τοι
649 1596 708 1643 tum
731 1588 843 1663 dicitur,
864 1594 969 1651 sinon
990 1597 1087 1655 solum
1109 1599 1160 1656 ad-

117 1673 227 1732 firmari
255 1668 368 1741 aliquid
394 1666 499 1740 debet,
528 1667 577 1727 ssd
604 1671 645 1727 ita
668 1673 756 1728 etiam
777 1674 941 1752 adfirmari,
968 1689 1000 1737 ut
1022 1685 1110 1739 etiam
1132 1685 1159 1741 si

117 1756 188 1832 quid
211 1755 309 1811 miuus
331 1749 368 1808 ad
390 1771 454 1809 eam
476 1754 617 1811 rationem
640 1758 809 1830 conveniat,
838 1766 934 1819 tameo
955 1784 1003 1821 res
1023 1767 1088 1837 ipsa
1108 1769 1162 1840 its,

117 1861 204 1916 quem
226 1833 400 1895 admodum
426 1833 540 1909 dicitur,
561 1856 593 1897 sn
614 1835 723 1895 habere
744 1840 885 1900 videatur.
929 1844 1114 1925 Quamquam
1127 1853 1159 1907 iu

115 1927 181 1985 aliis
202 1921 273 1981 locis
290 1922 481 1993 oppositionis
501 1922 549 1979 ris
572 1922 668 1981 miuus
689 1933 795 1998 exstat,
817 1926 908 1986 relati
927 1932 960 1987 in
972 1933 1025 1990 illo
1040 1936 1179 2006 Aristo·¹

114 2009 221 2085 phanis
248 2004 330 2079 loco,
363 2023 451 2077 quem
481 2022 520 2061 ex
540 2004 623 2063 Pluto
646 2025 674 2064 v.
696 2010 758 2064 423
780 2028 827 2084 sq.
858 2011 992 2085 adposuit
1012 2009 1178 2078 Derarius'

126 2118 144 2151 r.
174 2095 234 2152 66:
438 2125 441 2137 ·

113 2116 127 2169 l
307 2159 386 2225 Ἴσως
398 2161 505 2235 Ἐρινύς
523 2164 597 2217 ἔστιν
614 2166 644 2219 ἐκ
662 2170 832 2239 τραγῳδίας·

314 2238 408 2299 βλέπει
427 2236 463 2302 γέ
478 2253 520 2287 τοι
534 2232 654 2305 μανικόν
671 2256 695 2287 rr.
713 2240 760 2288 καὶ
778 2238 968 2311 τραγῳδικόν,,

115 2323 195 2403 quod
223 2329 298 2383 recte
327 2334 439 2381 vertas:
477 2326 610 2381 Fortasse
630 2328 736 2396 Erinpa
757 2335 798 2384 est
819 2348 856 2385 cx
876 2332 1043 2406 trupoedio:
1066 2344 1159 2395 tuctur

114 2411 224 2490 quidem
246 2415 317 2464 carta
337 2411 470 2465 insonum
490 2406 625 2482 quiddam
646 2416 672 2464 at
693 2414 859 2484 tropicum,
889 2422 920 2471 ut
946 2425 1041 2475 tamen
1062 2420 1157 2479 istud:

114 2495 224 2571 (puidam
245 2498 325 2559 corte,
349 2488 424 2547 hano
442 2492 503 2548 vim
527 2486 642 2565 lrabeat,
664 2500 705 2565 ut,
728 2495 753 2550 si
777 2495 847 2567 quid
868 2497 963 2557 miuus
984 2498 1042 2560 lsuc
1060 2503 1158 2564 lacero

112 2577 263 2648 rideatur,
287 2572 318 2630 id
341 2572 542 2633 adlinnatioue
565 2594 617 2633 sua
639 2576 786 2636 infirmet:
815 2600 905 2653 quom
925 2592 1044 2663 contra,
1066 2590 1091 2647 si
1113 2587 1157 2647 di·

111 2662 208 2723 xisset
227 2662 328 2735 posta:

314 2756 417 2809 Βλέπει
434 2772 467 2824 γε
483 2751 517 2821 δὴ
535 2750 654 2824 μανικόν
672 2777 696 2809 τι
714 2758 760 2810 καὶ
777 2756 964 2832 :perciderim

114 2862 173 2927 ista
202 2860 390 2943 oppositionis
417 2860 464 2916 ris
490 2858 570 2914 nulla
593 2868 670 2917 essct
693 2871 720 2919 et
741 2860 797 2920 hoc
819 2874 932 2926 tantum
952 2868 1039 2929 modo
1064 2874 1156 2947 signi-

113 2944 265 3019 ficaretur,
295 2943 372 3017 quod
400 2960 456 3012 per
483 2957 546 2995 sese
570 2942 640 2997 satis
666 2944 787 3014 planam
807 2957 894 3021 atque
916 2964 1048 3024 apertum
1070 2968 1155 3017 esses.

89 3026 147 3088 ·ld
170 3038 246 3087 recte
268 3028 362 3087 sensit
385 3020 618 3092 Hoogevsenus,
649 3024 699 3094 qui
720 3025 778 3084 loci
801 3027 1026 3105 Aristophaneis
1040 3050 1155 3099 senten·

111 3114 182 3171 tiam
210 3115 252 3171 sic
273 3106 414 3168 reddidit:
445 3102 586 3179 Quidquid
606 3104 676 3161 illud
697 3116 753 3176 cst,
780 3109 833 3167 lsoo
852 3117 1034 3186 oaorsifostuoi
1055 3123 1155 3180 saltem

109 3216 207 3255 omuino
228 3204 280 3263 ost,
302 3196 333 3249 io
354 3188 433 3246 ortuo
454 3186 562 3262 aliquid
582 3190 672 3243 iassae
689 3188 796 3260 [amolo
813 3202 840 3249 ct
853 3201 1002 3269 tropicam.
1043 3200 1156 3263 Eadem

109 3298 209 3337 caussa
232 3286 275 3335 est
296 3275 383 3331 etiam
404 3273 467 3329 eius
486 3271 552 3343 loci,
574 3272 686 3343 qui-est
698 3292 739 3330 ex
750 3273 851 3335 eadem
863 3276 962 3337 fabula
973 3303 1002 3345 r.
1019 3290 1100 3344 1040
1111 3308 1154 3361 sq.

107 3366 232 3439 positas,
255 3359 303 3415 abi
327 3364 480 3431 postquam
501 3372 582 3417 anus
596 3354 689 3413 dixit:

311 3460 403 3521 ’Ἐοικε
422 3464 449 3520 ‹l’
469 3467 515 3521 tut
533 3470 628 3539 κῶμον
645 3468 784 3540 dociliter„

108 3573 287 3651 Chremylus
307 3575 488 3650 pronuntiat:
812 3542 833 3581 ⁰

772 3660 915 3711 Φαίνεται.

288 3717 442 3794 στεφάνους
458 3723 494 3791 γέ
510 3740 550 3775 :os
567 3722 614 3775 :ecl
631 3718 694 3790 δᾷδ’
718 3723 790 3793 ἔχων
807 3720 972 3796 nopsiaco,

108 3829 188 3905 quod
203 3837 262 3887 est:
290 3829 406 3887 Videtur
425 3846 509 3885 caso:
532 3846 652 3886 coronas
672 3830 783 3905 quoium
804 3840 878 3889 corte
897 3842 923 3893 ct
943 3834 1035 3906 focem
1056 3855 1154 3913 persus

106 3913 310 3991 proficiscitur,
340 3914 379 3970 ita
408 3918 520 3982 tamen,
547 3908 588 3986 ut',
609 3913 768 3984 particulae
793 3912 832 3995 γε’
851 3937 905 3978 τοι
927 3921 1045 3992 omnia,
1077 3941 1153 3993 qaae

36 4034 41 4043 .
107 3995 285 4055 contradici
310 3998 429 4070 possint,
452 3992 617 4067 excludant,
640 4016 698 4053 nou
722 4018 783 4055 rem
800 4001 970 4073 simpliciter
987 4002 1152 4065 adfirment.

107 4078 159 4139 Sic
182 4082 268 4138 etiam
286 4081 316 4137 in
337 4078 452 4153 dialogo
475 4077 574 4136 eadem
596 4079 640 4135 ris
655 4076 758 4136 harum
771 4084 975 4153 particularum
988 4096 1041 4162 est,
1060 4089 1152 4149 relati

105 4166 137 4223 ia
161 4162 293 4221 Platonis
318 4166 425 4238 Gorpiu
447 4160 524 4220 Part.
539 4158 580 4219 ll.
603 4159 700 4220 roll.
721 4184 752 4236 p.
767 4170 795 4221 3.
816 4165 862 4223 ed.
875 4164 973 4227 Bekk.
986 4191 1016 4244 p.
1029 4174 1101 4229 447.
1115 4170 1151 4235 B.

107 4247 153 4307 ed.
174 4245 218 4305 fl.
241 4244 355 4322 stapla,
379 4247 429 4304 ubi
453 4254 605 4319 postquam
618 4244 752 4305 Callicles
772 4246 865 4305 dixit:
891 4245 934 4312 Τι’
954 4250 999 4324 δέ,
1022 4242 1152 4318 &Xar-

106 4330 240 4415 ρεφῶνς
263 4324 425 4409 ἐπιθυμεῖ
444 4322 622 4413 Σωκράτης
644 4318 788 4395 ἀκοῦσαι
809 4332 841 4393 Γ
838 4327 971 4415 οργίου,·
992 4339 1151 4414 respondet
