2850 4842
514 502 520 509 ι
559 460 652 552 γάρ·
1065 468 1130 537 259

72 636 145 695 coco
167 638 250 695 scotor
267 630 353 709 jecto-n
370 630 562 703 Umstc'r'odeu)
583 634 656 691 uincto
668 633 805 693 Prodicus
822 653 875 694 oue
888 637 943 696 ceo
955 636 993 695 do
1009 647 1075 696 uss.
1090 658 1130 699 w.

74 716 250 778 etiamci‘id
271 736 332 773 nou
353 714 522 775 deducimus
541 736 646 790 reapse
663 738 703 775 ex
722 718 958 779 antecedentibus
972 723 1023 797 ita,
1042 725 1130 795 qnasi
1214 705 1219 715 ’

74 802 134 862 hoc
164 822 208 860 ex
230 800 499 873 altero-sequetur,
528 799 580 859 sed
603 802 702 875 potius
727 802 762 860 de
785 824 883 861 rerum
904 804 1004 878 aliquo
1027 804 1130 864 ordine
1235 804 1240 815 ‘

77 888 253 961 cogitamus,
275 882 344 940 dnm
365 885 406 939 ita
427 882 583 957 loquimur.
626 882 725 963 Quam
746 887 782 942 ob
804 907 866 943 rem
881 908 941 945 non
954 888 1031 945 uitale
1044 891 1132 947 vertit

76 968 202 1027 Fioiuus
232 966 302 1025 hoc:
338 966 446 1024 Aderat
472 986 557 1041 porro
587 968 724 1026 Prodicus
754 969 824 1025 chs
853 979 919 1040 cta,
954 991 1131 1044 quemquam

77 1052 262 1112 Graecorum
294 1052 386 1107 oratio
416 1049 513 1123 purilio
542 1049 628 1107 aliter
648 1050 828 1109 conformata
850 1062 909 1128 est,
941 1074 981 1111 ex
1002 1074 1060 1128 qua
1081 1075 1131 1128 ap·

77 1146 175 1213 peret,
201 1134 274 1193 hacc
298 1134 387 1191 uerba
408 1134 449 1190 ita
470 1136 629 1208 praemitti,
652 1142 684 1191 ut
699 1134 779 1192 eliud
791 1135 927 1209 deinceps
941 1136 1014 1194 tradi
1030 1143 1130 1211 possit.
1153 1145 1159 1152 '

77 1220 197 1279 Eodem
225 1216 313 1275 modo
338 1214 484 1273 Homerus
512 1236 600 1291 saepe
626 1220 777 1276 coniunxit
803 1222 958 1292 particulas
986 1213 1050 1301 γάρ
1075 1216 1129 1302 ῥα,

79 1304 117 1362 de
141 1303 251 1380 quibus
271 1304 303 1358 in
326 1300 468 1375 particula
490 1294 556 1379 ἄρα
580 1300 708 1359 diximus
734 1323 820 1376 supra
845 1324 877 1375 p.
902 1307 972 1361 164.
997 1304 1068 1359 165.

166 1382 203 1443 Si
227 1382 344 1459 quondo
367 1382 404 1440 ad
416 1383 587 1457 particulam
603 1380 666 1467 γὰρ
681 1384 825 1443 adiectum
841 1395 884 1444 est
900 1380 950 1469 δή,
971 1384 1048 1442 nihil
1064 1389 1129 1459 qui-
1146 1392 1203 1467 Γὰρ
1222 1390 1264 1461 δή.

80 1470 149 1528 dem
171 1476 300 1526 mutatur
321 1469 354 1525 in
376 1469 407 1524 ui
429 1468 535 1540 prioris
557 1468 734 1543 particulae,
757 1468 809 1527 sed
829 1468 886 1526 hoc
907 1477 1020 1525 tontum
1041 1471 1129 1528 modo

80 1554 208 1628 aceedit,
229 1560 261 1609 ut
284 1550 334 1625 id,
355 1549 433 1624 quod
455 1548 623 1608 adfirmatur
646 1571 700 1625 per
724 1549 788 1633 γὰρ
810 1551 999 1626 perticulam,
1020 1552 1063 1609 ita
1083 1574 1129 1611 re-

81 1646 203 1695 vocetur
230 1634 267 1693 ad
288 1636 428 1707 temporis
452 1633 667 1708 condicionem,
692 1643 725 1693 nt
746 1635 944 1710 significetur,
970 1655 1033 1693 rem
1055 1656 1130 1712 eom,

82 1721 119 1779 de
147 1740 204 1795 qua
230 1738 327 1778 senno
351 1724 411 1792 est,
436 1718 495 1774 iam
515 1718 667 1792 probatem
691 1720 758 1791 ipso
781 1720 857 1777 facto
882 1739 967 1793 esse,
996 1740 1050 1777 uec
1071 1739 1131 1777 om-

81 1806 161 1879 plins
188 1799 399 1877 experiendum
430 1820 510 1874 esse,
539 1804 615 1859 sitne
642 1820 745 1859 revera
774 1823 810 1859 an
839 1824 898 1860 nou
925 1806 977 1877 sit,
1010 1813 1058 1861 aut
1079 1824 1132 1861 ex-

82 1887 282 1963 spectandum,
299 1904 391 1959 usque
406 1884 475 1942 dum
489 1884 549 1942 fiet.
592 1880 644 1966 Δὴ
658 1887 748 1957 euim,
759 1884 836 1959 quod
847 1895 947 1943 uatum
959 1896 1002 1947 cst
1015 1907 1054 1944 ex
1069 1880 1131 1969 ἤδη

80 1971 242 2047 particula,
264 1972 306 2027 ita
328 1976 442 2028 revocat
462 1967 582 2041 remed
604 1970 835 2044 experientiam,
860 1979 891 2027 ut
916 1970 1044 2028 dicemus
1068 1990 1131 2027 rem

82 2056 212 2129 aliquem
237 2061 286 2110 aut
309 2072 372 2111 esse
396 2060 446 2109 eut
469 2051 561 2109 tuisse
583 2058 633 2107 aut
654 2052 730 2126 iore,
753 2054 830 2126 quod
852 2074 915 2111 eam
937 2074 1000 2111 rem
1021 2074 1053 2111 re
1076 2074 1130 2111 ex·

81 2141 160 2213 perti
189 2140 247 2195 iem
269 2138 412 2211 cognitam
434 2132 589 2192 habeamus
611 2136 823 2209 explorateque
845 2139 985 2209 sciamus,
1014 2157 1072 2208 que
1093 2136 1130 2193 de

80 2244 115 2282 re
139 2224 283 2295 copiosius
307 2219 418 2277 dicetur
442 2222 475 2276 in
497 2218 646 2291 particulis
670 2214 709 2299 dt}
735 2228 765 2275 et
786 2213 858 2301 ἤδη.
904 2216 984 2292 Ergo
1007 2216 1062 2275 hoc
1085 2219 1130 2275 di·

84 2308 160 2363 citur
186 2305 343 2363 coniunctis
371 2304 433 2359 istis
463 2302 611 2375 particulis
637 2294 700 2383 γὰρ
730 2292 787 2381 δή,
816 2309 849 2357 ut
876 2312 1055 2375 comparatae
1081 2321 1129 2359 res

84 2392 156 2461 siut,
177 2407 239 2447 esse
261 2384 377 2461 quidem
399 2384 554 2442 exsecto
577 2386 660 2457 ipso
684 2391 734 2440 sut
757 2383 850 2441 dicam
873 2386 1045 2458 profecto
1067 2404 1130 2441 rem

84 2473 211 2545 aliquem
236 2472 293 2543 ita,
325 2488 411 2542 quern
433 2466 468 2525 ad
490 2466 606 2524 modum
622 2456 774 2542 dicamus,
803 2468 881 2541 quod
901 2466 1012 2525 Latine
1033 2468 1129 2525 diceet

83 2560 148 2614 laus
162 2560 243 2623 enim,
267 2556 434 2621 secessim,
458 2559 521 2607 aut:
546 2550 760 2625 coutprofccto,
783 2551 907 2626 profecto
922 2557 1005 2621 cuitu,
1029 2562 1130 2608 nostre

82 2640 200 2714 lingua:
223 2642 304 2694 Demo
324 2636 419 2703 sciton,
443 2634 517 2692 detto
536 2633 699 2708 oilerdinps,
720 2634 793 2693 deno
812 2640 842 2691 tu
863 2636 1020 2703 Wadi-rineit,
1042 2637 1133 2695 sciton,

81 2722 219 2791 osmunt,
240 2727 288 2779 aut
309 2721 397 2777 etiem
419 2716 497 2791 quod
517 2718 668 2791 proposuit
687 2715 886 2793 Hartungiuss
908 2719 1032 2775 sessolicio
1053 2719 1128 2775 uben.

82 2803 138 2863 Sic
164 2806 197 2861 in
217 2804 275 2861 illis
295 2800 439 2863 Herodoti
460 2802 547 2874 locis,
576 2820 649 2875 quos
675 2804 785 2874 primos
811 2803 910 2875 posuit
934 2799 1129 2876 Hortuugius,

82 2889 140 2947 lib.
156 2884 181 2945 l.
205 2906 267 2959 cap.
280 2889 330 2944 st.
352 2886 470 2943 dtcitur:
499 2873 603 2945 Ἦσαν
626 2880 662 2944 δὲ
684 2886 731 2966 τῷ
752 2880 888 2966 Κροίσῳ
911 2879 971 2946 δύο
993 2882 1128 2957 παῖδες·

82 2968 154 3034 τῶν
182 2963 319 3071 οὕτερος
340 2966 400 3048 μὲν
427 2963 630 3047 διέφθαρτο·
659 2954 699 3047 ἦν
728 2962 794 3046 γὰρ.
819 2961 858 3047 δὴ
886 2959 1015 3047 κωφός·
1043 2959 1061 3027 ὁ
1091 2961 1130 3029 δὲ

83 3051 202 3137 ἕτερος
223 3072 304 3126 xum,
332 3073 389 3125 quo
418 3053 451 3109 in
480 3050 543 3108 loco
572 3068 626 3121 per
653 3049 811 3120 particulas
836 3042 900 3128 γὰρ
923 3046 962 3128 δὴ
989 3052 1030 3105 ita
1053 3050 1128 3105 ratio

81 3136 217 3197 redditur
240 3137 300 3194 eins
321 3138 382 3211 rei,
413 3154 488 3208 quac
511 3132 598 3189 modo
619 3131 716 3203 posita
740 3136 817 3201 erut,
843 3137 875 3185 ut
895 3130 1022 3203 dicator,
1043 3149 1129 3202 pree·

82 3223 208 3281 cessisse
226 3238 298 3279 saue
319 3218 435 3293 quidem
456 3220 483 3275 ei
495 3218 548 3289 rei,
570 3214 646 3288 quod
662 3233 734 3287 puer
748 3221 845 3269 mutus
859 3212 959 3284 suerit,
978 3222 1010 3268 ut
1025 3215 1130 3269 mirum

72 3299 146 3365 'uon
173 3313 248 3363 esset
278 3324 343 3361 cum
371 3304 484 3376 perire,
514 3301 597 3373 qumi
620 3295 740 3355 Latine·
757 3297 851 3354 dices:
882 3299 954 3352 Erat
977 3300 1050 3353 cutm
1071 3299 1130 3352 tom

81 3397 188 3457 matus,
211 3394 262 3444 aut
284 3394 383 3444 nostra
403 3386 520 3459 lingna:
547 3386 589 3441 Er
609 3400 673 3440 mac
692 3380 816 3439 renosco
838 3379 924 3435 sciton
946 3378 1128 3450 (ohucdicss)

80 3481 203 3541 orooro,
233 3491 291 3545 quo
320 3470 395 3527 iacto
423 3471 483 3526 iem
509 3468 593 3540 quasi
620 3462 725 3541 gradus
754 3462 797 3540 ed¹
814 3463 933 3519 alteram
955 3482 1016 3518 rem
1036 3462 1129 3519 sactus

85 3574 152 3613 esse
178 3551 335 3613 uideretur.
378 3550 412 3610 Id
441 3560 537 3609 temen
566 3569 621 3606 nec
640 3546 744 3605 Latini
771 3566 824 3603 nec
849 3543 991 3602 nostrates
1015 3545 1131 3618 semper

84 3638 122 3697 ed
148 3639 287 3713 temporis
311 3635 509 3695 condicionem
535 3634 679 3705 referunt,
706 3630 758 3689 sed
786 3650 849 3687 rem
876 3631 970 3702 ipsam
998 3637 1130 3685 tenentes

84 3722 184 3797 potins
207 3740 264 3795 per
290 3720 420 3794 aliquem
448 3718 678 3779 adfirmationem
706 3713 889 3789 significant,
920 3712 990 3785 qnia
1013 3731 1046 3767 ee
1071 3729 1130 3783 res,

84 3826 175 3879 qnam
193 3806 253 3863 iam
274 3804 379 3863 sectam
401 3824 466 3863 esse
489 3805 613 3874 seimus,
636 3800 804 3857 certissuma
824 3803 887 3871 est,
908 3806 941 3852 ut
963 3797 1051 3853 etiem
1075 3790 1133 3850 hoc

83 3890 149 3947 loco
177 3886 355 3948 commodius
384 3888 461 3946 dicas
487 3884 615 3943 Latine:
650 3886 723 3939 Erat
751 3886 824 3939 enim
849 3899 919 3937 sooc
945 3887 1053 3945 oratus,
1082 3882 1134 3933 aot

82 3980 185 4030 nostra
213 3971 333 4048 lingue:
369 3976 411 4028 Er
436 3988 500 4029 war
527 3966 650 4026 conduct
676 3966 831 4037 ollerdiops
855 3973 967 4020 storum.
1018 3958 1133 4017 Eodem

82 4053 172 4113 modo
192 4074 240 4114 res
261 4074 329 4115 sese
349 4050 438 4113 habet
456 4056 487 4110 iu
510 4050 600 4109 altero
614 4046 759 4123 Herodoti
776 4046 841 4102 loco
862 4045 913 4102 lib.
928 4043 951 4101 1.
972 4064 1033 4116 cop.
1052 4045 1133 4113 114,

82 4140 135 4197 ubi
157 4136 232 4198 haec
253 4139 405 4214 leguntur:
442 4122 504 4209 Εἷς
526 4128 565 4217 dt}
589 4125 713 4194 τούτων
734 4128 799 4189 τῶν
820 4121 965 4187 παιδίων
986 4120 1134 4201 συμπαί-

84 4220 159 4299 ζων,
187 4216 252 4286 ἑῶν
273 4214 520 4305 Ἀρτεμβάρεος
547 4216 646 4289 παῖς,
677 4204 800 4293 ἀνδρὸς
828 4204 967 4290 δοκίμου
995 4202 1029 4269 ἐν
1054 4198 1135 4287 Μή-

82 4304 193 4371 docos·
216 4294 258 4368 οὗ
279 4299 343 4389 γὰρ
365 4300 406 4368 ot
429 4294 569 4380 ἐποίησε
590 4292 628 4362 τὸ
644 4285 925 4432 προσταχθὲνιξκ*
933 4290 992 4352 τοῦ
1004 4282 1135 4371 Κύρου·
