2850 4842
425 490 492 579 γέ,
524 444 690 578 raros,
723 494 843 577 γοῦν.
1093 494 1158 563 353
1210 556 1218 569 Ι

109 652 268 745 ἀδελφόν,
289 682 346 738 per
362 664 528 723 coniunctas
549 660 705 737 particulas
727 661 816 741 γοῦν,
831 668 869 737 ¹ut
888 662 921 721 iu
939 659 1159 725 adseveratione

109 734 284 821 'respiciatur
304 749 393 806 etiam
410 746 457 837 irl²
480 747 560 823 quod
580 766 658 806 nuuc
679 753 799 823 agatur,
820 748 914 807 maior
937 756 1032 807 tameu
1056 752 1103 811 ris
1126 753 1159 809 iu
1221 755 1231 766 “

110 830 204 889 altera
225 832 365 905 particula
385 833 434 892 sit.

194 912 307 974 Eadem
338 917 384 975 vis
409 913 571 991 particulae
601 911 681 994 γοῦν
708 918 753 971 est
781 914 871 971 etiam
895 914 927 971 iu
948 915 987 972 iis
1008 913 1097 990 locis,
1125 918 1159 975 ia

26 998 30 1010 “
111 998 217 1073 quibus
241 997 389 1060 Dcrarius
417 1020 446 1074 p.
472 1000 512 1057 56
541 1018 587 1071 sq.
615 1016 679 1055 eam
703 1016 759 1071 prc
782 991 847 1078 γὰρ
868 995 1008 1070 particula
1032 1002 1158 1073 positam

112 1100 178 1141 esse
203 1082 289 1141 dixit.
308 1132 314 1147 ,
331 1081 369 1141 lu
392 1080 601 1161 Xeuoplroutis
624 1079 743 1153 quidem
765 1080 898 1139 Gouvioio
919 1100 983 1155 cap.
1004 1085 1035 1138 4.
1056 1084 1085 1153 ς.
1105 1088 1158 1142 47.

111 1166 154 1223 sic
182 1164 302 1225 dicitur:
338 1159 469 1241 Πάντες
497 1165 576 1247 γοῦν
602 1158 772 1227 αἰτοῦνται
799 1157 876 1237 τοὺς
902 1160 1007 1238 θεοὺς
1034 1160 1158 1243 τὰμὲν

111 1246 227 1332 φαῦλα
255 1243 474 1332 ἀποτρέπειν,
508 1240 642 1327 τάγαθὰ
672 1244 708 1310 δὲ
737 1238 896 1322 διδόναι,
925 1256 958 1305 ιιι
986 1250 1081 1322 prima
1110 1251 1157 1309 vis

111 1333 288 1407 particulae,
319 1354 395 1408 quas
421 1344 483 1393 set:
514 1342 585 1391 corto
613 1336 717 1407 ipltur,
747 1339 892 1403 appareat.
935 1330 1033 1411 Quom
1061 1340 1158 1391 autem

110 1417 218 1476 similis
241 1420 305 1492 vis,
330 1428 360 1475 ut
382 1438 470 1491 supra
491 1417 638 1490 vidimus,
663 1417 750 1473 etiam
772 1416 803 1471 iu
824 1414 964 1489 particula
983 1411 1046 1497 γὰρ
1070 1425 1157 1492 esset,

111 1520 190 1573 quae
211 1503 265 1575 ita,
295 1504 323 1561 si
345 1504 469 1576 primam
491 1502 635 1576 originem
655 1509 835 1573 spectamus,
862 1497 983 1557 differre
1005 1498 1119 1559 vitetur
1139 1521 1158 1559 a

109 1586 252 1659 particula
278 1585 371 1664 γοῦν,
396 1583 679 1661 quemadmodum
701 1572 768 1661 ἄρα
790 1590 819 1640 ct
843 1571 902 1644 οὖν
922 1582 1059 1641 differunt
1080 1587 1157 1644 iuter

111 1686 194 1741 sese,
222 1668 330 1727 factum
356 1680 412 1743 est,
439 1678 471 1727 ut
499 1668 578 1747 γοῦν
605 1688 657 1741 pro
678 1660 741 1747 γὰρ
763 1668 888 1739 positum
908 1686 974 1726 essa
995 1666 1155 1727 videretur.

109 1747 163 1809 Sic
182 1754 269 1809 etium
288 1752 334 1811 illi
351 1753 407 1812 loci
422 1750 611 1827 intellegendi
635 1760 711 1825 suut,
735 1770 807 1824 qrros
827 1752 925 1823 posuit
946 1748 1094 1811 Davarius
1116 1772 1157 1811 ex

108 1832 325 1913 Aristophanis
344 1838 429 1897 Pluto
451 1858 481 1898 r.
507 1842 566 1896 182
588 1856 654 1911 sqq.
684 1838 785 1911 Vespia
806 1854 835 1893 v.
858 1837 1047 1893 atta-391.
1071 1836 1156 1896 Pluto

108 1936 140 1977 v.
162 1922 224 1978 564
247 1941 292 1994 sq.

193 2000 286 2064 Porro
317 2005 413 2078 prima
442 2002 602 2078 particulae
632 2003 679 2061 ris
704 2010 776 2078 cern
803 2005 890 2079 igitur
917 2003 1033 2075 agnosci
1058 2006 1157 2076 potest

108 2087 196 2145 atium
224 2090 256 2145 iu
281 2090 319 2147 iia
343 2088 435 2161 locis,
463 2090 495 2147 iu
518 2089 623 2162 quibus
647 2085 795 2161 Deratius
818 2106 883 2143 eam
905 2086 1077 2160 particulam
1102 2106 1157 2159 pro

108 2166 146 2251 γὲ
169 2166 209 2254 δὴ
223 2166 281 2229 'vel
302 2162 387 2233 ἀλλὰ
410 2205 446 2218 -
473 2168 509 2252 γὲ
530 2174 655 2246 positam
677 2159 925 2247 essa²adlirmarit
937 2192 967 2244 p.
982 2173 1044 2244 57„
1065 2169 1157 2228 veluti

108 2255 141 2311 iu
165 2253 374 2315 Demostlreuis
402 2255 466 2314 loco
494 2276 534 2314 ex
562 2256 694 2312 oratioue
721 2254 755 2311 dc
780 2254 861 2326 {also
889 2253 1026 2327 topazione
1053 2257 1081 2323 §.
1104 2254 1156 2311 95.

109 2338 155 2395 sd.
185 2337 283 2399 Ball.
313 2362 342 2415 p.
372 2345 444 2397 371.
477 2339 523 2398 erl.
550 2336 654 2397 Roisk.
687 2326 708 2408 ἡ
744 2331 781 2399 δὲ
811 2328 899 2418 ὑπὲρ
931 2335 991 2437 τῇς
1023 2326 1157 2417 εἷρ’νης

110 2412 286 2503 ἆιιολιιγία,
313 2417 368 2485 καὶ
390 2416 420 2484 ei
441 2420 544 2505 μηδὲν
566 2412 658 2491 litto,
679 2408 826 2498 τοῦνομα
847 2418 926 2499 γοῦν
948 2414 1016 2497 ε’χει
1037 2356 1156 2502 palolo-

108 2508 261 2588 θρωπον.
304 2506 369 2567 Hoc
392 2490 454 2567 sslr
485 2511 512 2565 si
537 2506 609 2565 atati
636 2505 731 2573 olisttl,
759 2504 859 2563 ιιοιιιιιι
882 2511 953 2561 certa
973 2506 1077 2577 ipitur,
1106 2508 1156 2559 aut

107 2588 216 2649 rlicamc
238 2610 338 2651 ιιιιιιιιιι
358 2595 446 2667 ipitur
467 2599 539 2649 certe
559 2591 641 2649 tutu
660 2592 827 2665 pretiosum.
870 2584 959 2665 Quod
978 2587 1006 2644 si
1030 2585 1156 2645 dixisset

107 2670 338 2734 Demosthenes:
358 2662 504 2753 τοῦνομά
516 2694 551 2753 γε
565 2664 617 2777 δᾴ,
634 2674 717 2747 quasi
732 2670 768 2730 ds
780 2669 1007 2769 raptori-suma
1020 2668 1156 2728 adtirma·
1185 2728 1188 2743 ,

105 2768 199 2830 retur,
221 2760 268 2816 aiu
289 2777 364 2818 rere·
379 2759 557 2833 scripsisset:
580 2752 665 2821 αλλὰ
679 2744 825 2832 τοῦνομα
841 2773 885 2835 γε,
905 2755 1051 2828 oppositio
1063 2755 1155 2829 magis

108 2850 248 2900 exstaret.
290 2840 387 2900 Multo
414 2844 510 2901 miuus
536 2842 614 2923 γοῦν
641 2846 739 2916 potest
758 2843 844 2897 iurato
863 2838 1046 2913 siguificare,
1076 2836 1156 2913 quod
1245 2874 1252 2887 ·

88 2928 211 2987 statuit
232 2924 377 2985 llerarius
399 2947 427 3000 p.
450 2927 519 2999 57„
549 2935 580 2984 et
602 2930 684 3002 quin,
713 2942 802 2996 quam
828 2922 1067 2996 significationem
1090 2942 1155 2980 cum

106 3006 230 3068 Budare
260 3010 329 3068 olim
356 3008 398 3069 Η.
422 3005 591 3084 Stephanus
617 3016 753 3083 posuerat
778 3007 811 3064 iu
841 3007 985 3064 Thesauro
1009 3008 1061 3065 Gr.
1085 3005 1155 3081 liup.

106 3090 180 3151 Vol.
204 3090 244 3155 ll.
266 3116 295 3169 p.
318 3098 391 3153 741.
414 3090 453 3153 B.
479 3093 525 3153 ed.
547 3092 640 3152 l’uris.
683 3089 780 3149 Etis
803 3087 1014 3163 Aristophanis
1036 3086 1156 3162 quidem

110 3180 211 3254 Vospir
233 3198 261 3237 r.
284 3184 374 3252 217„
393 3199 452 3251 quo
472 3177 536 3247 loco
560 3196 630 3236 usus
652 3184 696 3235 est
716 3172 880 3248 llerarius,
901 3192 998 3250 uupar
1015 3168 1054 3233 G.
1078 3170 1156 3230 Dio·

107 3259 217 3321 slorlius
238 3284 300 3323 uou
319 3265 386 3323 siue
405 3262 548 3321 librorum
570 3263 740 3321 auctoritate
761 3257 868 3315 edidit:
1071 3248 1075 3290 ¹

262 3416 264 3427 ,
330 3357 376 3428 Νὴ
394 3358 441 3414 τὸν
457 3358 517 3429 Δι’,
537 3356 593 3430 ὀψέ
607 3350 670 3432 riip'
689 3350 853 3423 ἀνεστήκασι
869 3355 931 3410 νῦν.
1025 3398 1030 3409 ,

105 3480 160 3537 pro
185 3480 231 3539 eo,
254 3464 332 3538 quorl
352 3464 441 3543 volgo
462 3466 628 3541 legebaturr
742 3464 745 3477 '

336 3574 379 3649 Νὴ
401 3578 447 3634 τὸν
464 3577 525 3647 Δί’,
542 3578 596 3651 ὀψὲ
614 3579 685 3649 γοῦν
702 3562 870 3642 ιὶνισιήκιισι
886 3578 930 3641 γι.
1013 3647 1022 3657 .

106 3676 184 3738 Tum
203 3682 234 3739 iu
246 3679 373 3743 Laciaui
385 3678 508 3761 Myrino
522 3706 585 3761 cap.
599 3690 641 3761 7.‚
663 3702 752 3756 quem
771 3679 866 3737 locum
885 3680 988 3735 testem
1008 3674 1157 3749 praecepti

105 3768 151 3823 sui
182 3786 247 3825 csse
277 3770 371 3828 soluit
401 3768 443 3828 H.
471 3768 658 3845 Stephanus,
692 3768 741 3824 ubi
772 3762 846 3825 haec
877 3762 967 3821 rerba
993 3755 1156 3817 habeaturr

34 3926 42 3933 Ι
90 3838 202 3910 ’Ἔνιοι
223 3851 303 3929 yper
324 3844 441 3928 αὐτοῖς
463 3852 518 3917 καὶ
540 3848 745 3933 προσλαλεῖν
765 3842 917 3921 οἴονται,
937 3843 1025 3903 facila
1038 3847 1158 3918 apparat

102 3928 366 4007 primam⁴serrari
389 3941 447 3997 vim
469 3938 628 4017 particulae
650 3934 739 4014 γοῦν.

189 4014 280 4094 Quod
306 4018 434 4096 deniquo
464 4022 504 4081 1..
526 4018 699 4080 Diodorlius
726 4019 757 4075 iu
777 4013 819 4072 Η.
839 4010 986 4086 Stephani
1011 4010 1158 4069 mauro

106 4100 159 4159 Gr.
183 4100 253 4177 linp.
275 4103 334 4161 vol.
355 4104 397 4169 ll.
423 4129 452 4181 p.
475 4110 548 4165 741.
570 4104 610 4163 l).
636 4102 681 4161 etl.
705 4098 797 4158 Paris.
820 4098 935 4171 statuit,
961 4093 1038 4169 apurl
1059 4111 1159 4149 receu-

103 4187 196 4244 tiores
226 4186 383 4264 scriptores
411 4191 581 4265 particulam
607 4187 686 4269 γοῦν
710 4202 800 4256 saepe
820 4182 881 4239 rim
904 4177 1013 4237 habere
1035 4174 1159 4233 eaodem
1229 4179 1232 4184 ⁴

103 4288 193 4343 ‘imm
217 4258 276 4333 οὖν
297 4275 344 4333 rel
364 4271 428 4358 γὰρ
448 4274 498 4334 rel
520 4269 568 4347 δέ,
588 4271 619 4332 id
637 4288 707 4329 vero
726 4265 808 4325 nullo
823 4272 906 4339 pacto
921 4261 1039 4337 probari
1053 4267 1157 4334 potest.

70 4442 84 4453 „
101 4350 182 4417 Nm
209 4353 242 4413 lu
265 4354 304 4417 lla
329 4357 401 4417 locis
424 4358 574 4435 omuibus,
605 4376 678 4433 quos
703 4352 758 4413 ills
782 4350 944 4411 testimonii
965 4346 1030 4408 loco
1052 4345 1159 4423 posuit,
