2850 4842
280 496 347 587 o,
741 484 867 555 azzo.

367 663 511 742 Sequitur
539 666 616 739 ium,
645 671 677 720 ut
708 662 745 723 de
775 664 811 722 iis
839 661 911 721 locis
936 659 1048 739 dicam,
1078 663 1110 721 in
1135 665 1242 739 qnihna
1267 667 1331 725 rim

284 752 413 812 nominis
438 744 518 813 ἄλλο
542 769 577 808 eo
598 748 727 821 exprimi
744 745 928 822 significavi,
949 745 1029 821 quod
1048 744 1145 806 hiatus
1165 751 1196 806 in
1216 748 1334 807 nltnma

285 837 400 915 syllaba
421 834 624 893 admitteretur
645 853 699 906 pro
722 852 775 907 eo,
807 829 886 907 quod
906 833 1070 905 exspectari
1091 834 1222 906 potuisse
1246 832 1333 891 vide·

284 930 367 981 retur
387 910 455 981 ἄλλ’
470 909 502 1001 ἦ.
546 915 632 995 Quae
654 936 701 975 res
724 917 780 975 etsi
800 912 954 973 admodum
977 914 1088 973 lnhrica
1108 929 1196 991 atque
1216 919 1332 975 ineerta

283 1012 440 1081 propterea
470 1019 536 1060 ease
563 999 694 1075 ridetur,
728 998 807 1075 qnod
833 998 893 1057 leri
916 1001 1076 1057 mutatione
1099 1002 1195 1073 potuit
1218 1001 1331 1059 ultuma

284 1088 401 1166 sytlnba
431 1086 518 1143 obiici
545 1092 575 1142 at
600 1085 687 1142 scrthi
710 1074 780 1145 ἄλλ’
806 1072 827 1167 ἢ
856 1090 906 1140 aut
934 1085 1024 1141 etiam
1050 1072 1118 1165 ἄλλ’
1144 1074 1165 1167 ἢ
1195 1104 1249 1158 pro
1280 1104 1331 1160 eo,

285 1171 363 1249 quod
384 1176 452 1228 ante
474 1170 615 1242 scriptum
637 1176 710 1243 erat,
733 1158 825 1237 ἄλλο,
847 1160 877 1249 ἢ,
902 1174 999 1225 tamen
1019 1166 1084 1225 fere
1106 1186 1222 1242 semper
1238 1171 1331 1227 etiam

283 1256 355 1315 libri
369 1264 506 1329 optumae
517 1253 697 1311 auctoritatis
706 1251 858 1321 nobiscum
868 1249 979 1308 faciunt
990 1248 1189 1326 exhibeatque
1203 1245 1285 1313 ἄλλο
1299 1244 1331 1335 ἦ,

285 1341 336 1399 ubi
358 1332 439 1401 ἄλλο
463 1338 613 1411 premitur,
632 1325 702 1397 ἀλλ’
724 1326 753 1417 ἢ,
775 1334 824 1392 ubi
842 1332 950 1392 leniter
968 1334 1092 1392 decurrit
1109 1338 1212 1394 oratio.
1255 1333 1331 1395 Pos-

285 1444 384 1483 sumne
418 1424 505 1480 etism
533 1418 582 1477 hic
610 1422 654 1478 nti
683 1418 754 1477 locis
782 1418 835 1491 iis,
863 1437 937 1491 quos
960 1437 1068 1493 magna
1091 1416 1236 1493 Kmegeri
1262 1418 1331 1477 ditia

286 1509 384 1585 gentio
406 1507 491 1564 nohis
512 1505 635 1579 paravit.
677 1498 725 1560 Ac
746 1503 871 1576 primum
894 1501 1015 1575 prodeat
1028 1498 1223 1579 Thucydides,
1245 1506 1332 1562 cuius

284 1592 356 1651 libri
378 1597 510 1649 accurate
532 1609 549 1646 a
570 1584 711 1646 Bekkero
736 1587 854 1645 excurri
878 1594 952 1643 sunt.
997 1585 1089 1659 Apud
1110 1606 1178 1645 eum
1200 1596 1230 1645 et
1253 1587 1332 1646 lihrn

283 1673 341 1734 ut.
364 1693 428 1747 cap.
451 1675 502 1730 58.
542 1666 585 1732 Τί
613 1662 694 1732 ἄλλο
725 1658 747 1753 ἢ
776 1664 809 1731 ἐν
837 1662 984 1753 πολεμίᾳ
1005 1688 1042 1731 τε
1065 1664 1122 1732 καὶ
1142 1691 1192 1731 πα
1217 1664 1334 1745 άτοῖς

285 1750 465 1829 metuam
484 1750 635 1837 πατέρας
653 1748 733 1827 τοὺς
753 1742 932 1835 ὑμετέρους
948 1746 1004 1814 ναὶ
1016 1747 1177 1833 ξυγγενεῖς
1191 1690 1334 1831 άιέμους

284 1824 1332 1984 ινῶτῶυνἐννινέινυυῑυιιτννεν

328 1945 360 1982 ro
414 1963 422 1980 .
501 1961 509 1978 .
574 1959 582 1977 ·
722 1940 730 1975 τ
933 1949 940 1979 r
1170 1943 1229 1984 τοο
1314 1944 1333 1983 ν

285 1942 499 2090 ὑπάρχοντας
516 1938 700 2093 πολεχρῖξάυς
720 1975 939 2081 μεχαλὺνετο,ι
951 1998 1028 2077 τούς
1049 1999 1086 2065 δέ
1106 1942 1191 2081 μηδὲ
1207 1942 1332 2087 rddid-

234 2115 241 2125 ¹
287 2109 407 2165 σοντας
426 2081 583 2168 γενέσθαι
606 2104 747 2167 ανοντας
766 2078 957 2166 ἐπάγεσθε;
981 2094 1011 2145 et
1023 2086 1099 2146 libro
1145 2085 1186 2147 11.
1201 2108 1265 2163 cap.
1278 2091 1331 2147 75.

285 2176 351 2235 inre
373 2174 525 2233 scribitur:
538 2213 548 2219 -
563 2159 660 2233 οὐδὲν
685 2162 750 2251 γὰρ
777 2159 868 2251 ἄλλοΙ
888 2160 909 2227 i*
938 2162 1037 2232 πόλει
1064 2164 1332 2255 ἐκπεπολιορκη-

311 2254 369 2342 ivn
400 2248 547 2339 ἐῴκεσαν
577 2244 816 2335 ὑποφευχσάσῃ
848 2192 915 2315 aad.
975 2252 1094 2313 Deinde
1126 2258 1214 2313 etiam
1251 2254 1332 2329 apud

286 2279 443 2401 iloto-om
471 2340 502 2396 in
531 2340 655 2395 Menona
681 2333 762 2394 Part.
794 2333 834 2393 tl.
864 2336 923 2394 voi.
946 2332 970 2394 l.
1002 2358 1032 2411 p.
1057 2340 1129 2397 345.
1160 2338 1203 2397 ed.
1228 2336 1331 2396 Behk.

287 2444 319 2500 p.
340 2430 392 2483 80.
414 2420 456 2481 Η.
477 2420 524 2480 ad.
546 2418 586 2478 Η.
602 2416 706 2497 ξηρὴ.
728 2420 896 2493 conspirant
918 2420 985 2479 libri
1008 2424 1041 2479 iu
1064 2419 1139 2481 hano
1157 2421 1329 2481 lectionemz

286 2502 408 2590 ἤκουον
438 2501 499 2581 μέν
530 2495 630 2605 i'yroya
660 2496 741 2585 πρὶν
770 2496 826 2565 καὶ
853 2501 1070 2585 συγγενέσθαι
1098 2526 1173 2583 μοι,
1204 2500 1258 2568 δτι
1286 2501 1330 2567 σὺ

288 2579 385 2653 οὐδὲν
412 2582 492 2649 ἄλλο
516 2580 538 2670 ἢ
559 2576 660 2659 αυτάς
680 2606 717 2646 τε
739 2576 882 2669 ἀπορεῖς
906 2582 962 2650 καὶ
983 2583 1061 2662 τοὺς
1078 2582 1199 2664 ἄλλους
1219 2591 1332 2661 ποιεῖς

288 2663 431 2751 άπορεῖν
452 2662 518 2731 xri.
543 2678 572 2728 et
594 2670 626 2727 in
650 2668 823 2741 Eutttydcmo
846 2670 948 2728 eodem
968 2671 1025 2730 rol.
1041 2692 1070 2746 p.
1086 2676 1157 2731 405.
1172 2672 1219 2732 ed.
1232 2668 1329 2731 Behk.

214 2801 220 2821 .
287 2778 318 2833 p.
342 2759 415 2813 277.
438 2751 550 2824 D.,ed.
575 2750 617 2811 Η.
640 2748 747 2827 Steph.
775 2772 835 2811 nno
862 2754 1004 2813 librorum
1031 2776 1174 2816 consensu
1204 2758 1328 2831 iegitnrz

257 2866 261 2869 ·
289 2834 346 2900 καὶ
375 2837 430 2900 νῦν
460 2832 567 2898 rotro
599 2827 696 2899 οὐδέν
728 2824 810 2898 ἄλλο
839 2826 860 2920 ἢ
887 2831 1062 2919 χορεύετον
1089 2836 1169 2919 περὶ
1199 2836 1236 2905 σέ
1264 2830 1330 2901 nt.

286 2920 367 2985 Nam
388 2918 489 2979 iu'hia
510 2938 630 2995 quoque
652 2919 725 2979 locis
748 2922 892 2994 premitur
914 2941 976 2980 vox
998 2914 1088 2983 ἄλλο.
1131 2922 1230 2981 Etiam
1254 2923 1330 2998 apud

287 3002 520 3066 Demosthenem
546 3012 619 3062 orat.
648 3008 691 3061 De
718 3004 883 3064 Halonneoo
907 3008 935 3077 §.
963 3010 994 3063 7.
1023 3004 1068 3065 ed.
1095 3004 1194 3066 Behk.
1223 3029 1251 3082 p.
1278 3012 1329 3067 78.

287 3090 334 3150 cd.
357 3087 463 3148 Reiek.
487 3090 552 3147 iure
579 3088 690 3147 editum
714 3096 774 3146 eat:
806 3082 908 3149 Ὅταν
937 3085 974 3152 δὲ
1001 3085 1078 3191 λέχῃ
1104 3087 1183 3173 περὶ
1205 3082 1329 3153 τούτων

289 3166 335 3249 ὡς
362 3168 475 3237 tutto
496 3164 779 3242 διαδικάσασθαι,
807 3161 902 3234 οὐδὲν
925 3164 1005 3234 ἄλλο
1028 3166 1047 3257 ἢ
1070 3168 1223 3252 χλευάζει
1244 3166 1331 3252 ὑμᾶς

288 3249 354 3319 aeni.
397 3254 475 3316 Nam
498 3258 587 3315 etiem
612 3253 750 3313 hocloco
772 3252 846 3311 illud
870 3248 950 3316 ἄλλο
972 3277 1042 3313 cum·
1060 3257 1184 3333 quadam
1205 3256 1330 3316 admira·

287 3342 368 3400 tione
388 3339 504 3399 dicitnr.
545 3337 638 3398 Recte
658 3339 748 3397 etiam
768 3338 800 3396 in
823 3335 1033 3413 Xenophontis
1055 3343 1242 3418 Expeditiooe
1264 3342 1330 3414 Gyri

287 3424 340 3484 lib.
361 3420 419 3481 tlt.
440 3444 503 3498 cap.
524 3429 555 3482 2.
577 3427 606 3495 5.
630 3426 679 3481 18.
700 3420 773 3481 haec
793 3422 883 3482 rerba
904 3422 1066 3483 habentur:
1099 3417 1142 3486 Et
1163 3420 1201 3489 δέ
1218 3445 1270 3499 τις
1288 3412 1332 3485 αὖ

286 3498 380 3584 ὑμῶν
400 3497 528 3583 ἀθυμεῖ
547 3501 600 3569 ὅτι
621 3498 700 3589 ἡμῖν
719 3502 780 3585 μέν
801 3497 862 3569 οἷον
879 3498 962 3569 εἰσὶν
977 3500 1104 3583 ἱππεῖς,
1125 3510 1196 3582 τοῖς
1214 3504 1251 3573 δέ
1267 3528 1332 3570 πο-

234 3642 239 3647 .
288 3582 418 3667 λεμίοις
446 3584 569 3653 πολλοὶ
594 3582 765 3673 πάρεισιν,
807 3584 1022 3675 ἐνθυμήθητε
1055 3586 1109 3653 ὅτι
1146 3584 1178 3653 oi
1212 3583 1331 3671 μάριοι

288 3665 409 3748 ἱππεῖς
436 3660 533 3736 οὐδέν
559 3666 640 3735 ἄλλο
663 3662 685 3755 ἢ
705 3664 822 3759 μύριοι
843 3665 1023 3757 ἄνθρωποί
1043 3666 1127 3737 εἰσιν
1145 3666 1210 3737 xri.
1252 3672 1331 3733 Nam

286 3756 331 3815 ihi
351 3758 398 3816 rei
421 3776 560 3814 maxume
580 3754 635 3814 hoc
657 3755 849 3829 premendum
871 3777 904 3815 ac
925 3756 1084 3816 tenendum
1105 3766 1177 3831 erat,
1199 3776 1264 3817 esse
1288 3768 1331 3814 tot

287 3842 401 3915 equites
420 3838 495 3898 nihil
517 3838 627 3896 alind
648 3839 707 3898 nisi
727 3846 769 3897 tot
789 3838 932 3899 homines.
975 3841 1064 3922 Quod
1086 3841 1112 3899 si
1133 3842 1200 3917 quis
1216 3861 1251 3900 eo
1266 3841 1331 3899 loco

181 3978 186 3983 .
287 3926 441 3983 scriberem
475 3917 528 3984 ὅτι
549 3914 583 3983 oi
603 3911 720 4002 μύριοι
741 3914 861 3999 ἱππεῖς
881 3916 978 3987 οὐδέν
999 3914 1069 3987 ἀλλ’
1093 3914 1114 4007 ἢ
1136 3916 1251 4006 μόραιν
1275 3916 1331 3984 άν-

286 4000 428 4093 θρωπσί
448 3997 546 4075 εἶσιν,
567 4006 622 4063 vix
639 4002 808 4066 cohaereret
831 4010 983 4067 sententia.
1027 4008 1130 4089 Quare
1153 4029 1240 4084 quom
1263 4028 1329 4083 pre·

284 4089 391 4149 manda
412 4098 442 4149 et
460 4087 589 4149 acuenda
609 4098 687 4149 esset
706 4110 768 4149 vox
789 4084 885 4163 ἄλλο,
913 4094 1081 4152 rectissume
1107 4094 1245 4167 scripturn
1270 4104 1326 4149 eat:

285 4164 382 4236 οὐδέν
413 4165 493 4237 <itta
527 4164 548 4258 ἢ
580 4164 646 4235 nti·
700 4169 751 4233 Sic
778 4174 855 4248 apud
883 4178 1007 4236 eundem
1035 4174 1268 4251 Xenophontem
1297 4177 1329 4232 in

284 4256 445 4328 Disciplina
471 4258 536 4329 Cyri
563 4256 616 4315 tib.
640 4252 666 4314 Ι.
695 4277 757 4331 cap.
784 4261 814 4315 4.
841 4262 871 4329 §.
899 4264 950 4317 24.
977 4259 1024 4319 ed.
1052 4258 1148 4319 Zeus.
1178 4262 1243 4319 sine
1271 4259 1330 4317 utta

284 4331 465 4397 dubitatione
485 4339 643 4415 tegendum
663 4350 725 4401 est:
753 4336 822 4423 Καὶ
842 4336 905 4428 γάρ
925 4336 1000 4407 τότε
1018 4335 1186 4408 ἀπιόντων
1203 4335 1329 4415 οἴκαδε,
