2850 4842
568 443 634 533 ὄήθ
734 468 744 481 x
1056 442 1130 513 al

75 619 149 696 ταῖς
168 612 386 703 ψηφίσμασιν
412 610 624 718 αἱρούμενοι,
651 610 711 681 tut
730 615 779 703 τῷ
800 606 1058 701 coalescentes
1077 608 1121 679 τὰ

75 698 181 787 μικρὰ
200 703 351 766 ποιεῖτε·
374 691 459 763 ἀλλὰ
480 720 523 764 τα
569 695 647 779 ικριίι
663 692 866 783 ποιήσαντες
884 694 942 763 καί
961 693 1141 785 πορίσαν-κ

76 806 133 860 τες
151 778 283 871 τούτοις
297 779 517 869 προστίθετε,
538 721 580 848 ἒν
600 775 728 849 ἐλάττω
746 778 924 885 φαίνρται·
946 779 1051 863 λέγω
1074 776 1120 864 δὴ

25 908 30 913 -
77 864 156 944 τοὺς
186 861 315 941 πάντας
346 859 553 950 στρατιώτας
583 860 764 943 δισχιλίους
795 887 861 929 κτε.
927 862 975 924 Gi.
1008 873 1124 941 pmater

80 949 279 1026 Hartuugium
307 949 329 1008 l.
355 950 378 1009 l.
404 972 434 1025 p.
462 956 572 1024 2tilsq.
602 951 791 1025 potissumum
820 948 858 1009 G.
880 944 923 1007 Η.
944 944 1121 1009 Schael'erus

79 1034 117 1094 usl
135 1033 267 1110 Dionys.
288 1030 360 1092 Hal.
380 1032 417 1094 de
439 1054 565 1109 compos.
590 1034 672 1094 verb.
692 1054 722 1106 p.
749 1036 809 1091 190
828 1051 876 1107 aq.
1151 1070 1154 1075 -
1188 1096 1196 1118 ἱ

164 1115 355 1191 Omninoque
393 1125 548 1193 usurpatur
581 1112 618 1180 (Υ
655 1115 813 1192 particula,
849 1114 900 1174 ubi
938 1112 1052 1190 aliquid
1085 1110 1122 1171 acl
1156 1104 1199 1167 At
1224 1105 1304 1153 ⁸¹¹⁹·

80 1220 133 1274 es,
161 1221 237 1275 quac
255 1209 494 1274 praecesserunt,
524 1203 567 1259 ita
587 1140 740 1273 aliicitur,
767 1207 801 1257 ut
820 1197 876 1258 lsoc
896 1200 994 1259 statim
1013 1216 1048 1256 ao
1066 1199 1122 1258 rix
1140 1174 1233 1224 “⁰¹⁶⁰
1248 1173 1293 1221 ¹¹*

80 1284 214 1343 absoluta
240 1286 339 1359 priora
365 1304 399 1348 ra
424 1283 490 1343 fieri
516 1284 667 1358 viduatur,
698 1284 743 1341 uti
768 1285 800 1341 iu
826 1282 879 1342 illo
909 1278 1121 1356 Xenophontis

78 1367 145 1427 loco
177 1366 214 1426 da
245 1369 312 1439 Gyri
338 1371 457 1444 Discip'
479 1388 499 1425 α
527 1367 581 1428 lib.
609 1365 635 1427 Ι.
665 1386 729 1441 cap.
751 1367 789 1439 Ι5.
817 1370 845 1438 §.
873 1365 920 1441 6.,
953 1385 1040 1443 quern
1067 1386 1122 1439 pru
1196 1426 1201 1431 ,

80 1450 219 1525 exemplo
240 1460 400 1525 posueruut
455 1452 617 1525 minatici,
640 1450 690 1508 ubi
711 1459 866 1527 postquam
885 1449 1007 1525 scriptor
1028 1448 1121 1507 diuite

24 1542 28 1550 ’
77 1532 212 1597 Edonus
229 1530 266 1597 δὲ
288 1525 454 1617 αὐτῷκαὶ
484 1528 717 1616 προσελέσθαι
746 1524 937 1606 διακοσίους
955 1530 1021 1593 τῶν
1042 1521 1124 1607 ὁμο·

79 1611 205 1695 τίμων·
226 1615 292 1677 τῶν
313 1606 345 1678 δ’
378 1604 421 1679 αὖ
443 1609 622 1679 διακοσίων
651 1608 780 1700 ἑκάστῳ
807 1611 967 1699 τέτταρας
993 1607 1122 1677 ἔδωκαν

80 1694 315 1780 προσελέσθαι
336 1693 394 1761 καί
419 1692 557 1774 τούτους
577 1694 615 1763 ἐκ
635 1698 701 1761 τῶν
723 1690 910 1777 ὁμοτίμων,
930 1700 990 1757 iam
1011 1698 1139 1773 pergite·

79 1777 248 1863 pirrenus
275 1776 315 1864 δὴ
344 1766 439 1845 οὗτοι
457 1776 586 1860 χίλιοι..
618 1784 724 1857 quibus
747 1784 779 1841 in
799 1782 898 1841 verbis
920 1776 960 1863 δὴ
982 1778 1124 1855 particula
1235 1859 1237 1865 Ι

79 1872 241 1941 propterea
259 1864 355 1947 locum
375 1862 482 1940 habet,
510 1865 590 1941 quod
610 1863 730 1925 simulac
749 1874 897 1943 postrema
909 1864 1022 1944 '‘electio
1043 1864 1122 1923 sacta

79 1949 237 2025 crat„iam
257 1956 342 2009 erant
366 1956 409 2007 tot
432 1946 567 2009 lrosuiues
590 1942 737 2014 numero(
751 1946 923 2023 Eodemque
941 1946 1028 2008 modo
1052 1946 1124 2007 dici·
1181 1998 1183 2005 ,
1222 1982 1223 1985 ¹
1318 1998 1321 2010 .

80 2042 131 2093 λιιι·
156 2033 190 2089 iu
218 2029 322 2089 eodem
348 2033 453 2106 scripto
482 2032 535 2091 lib.
560 2028 620 2093 lv.
648 2053 711 2108 cap.
734 2038 762 2093 3.
786 2034 816 2107 §.
840 2037 870 2091 3.
912 2024 1125 2109 Δακνόμειος

80 2111 125 2200 δὴ
150 2105 171 2177 ὁ
200 2114 315 2195 Κῦρος
340 2108 398 2180 ἐπὶ
416 2108 571 2188 τούτοις,
600 2115 705 2178 ταῦτα
725 2112 786 2194 μὲν
813 2108 906 2195 ὅμως
927 2106 1125 2197 κατεχώριζε
1226 2182 1230 2193 y

79 2190 149 2260 κτὲ.
193 2195 228 2255 lu
241 2200 279 2255 iis
295 2198 385 2270 enisu,
410 2217 485 2270 quae
501 2206 728 2274 antecesserunt,
749 2197 780 2257 it
792 2198 858 2257 fere
879 2198 939 2256 ium
958 2196 1124 2255 contineba-

78 2291 138 2357 tur,
157 2278 308 2355 quodiam
320 2279 418 2340 verbis
433 2282 488 2356 iis,
509 2300 585 2355 quae
597 2281 685 2340 inlert
700 2278 740 2365 δὴ
756 2281 913 2357 particula,
934 2280 1124 2357 significatur.

166 2363 273 2436 Atque
295 2364 384 2421 etium
402 2364 435 2422 iu
457 2362 579 2439 reliquis
602 2364 673 2423 locis
693 2366 844 2439 omatibus,
863 2366 895 2423 in
915 2366 1022 2439 quibus
1036 2362 1125 2437 volgo

79 2446 194 2507 dieunt
210 2446 383 2523 particulam
413 2441 454 2529 tlt}
485 2448 573 2525 plana
594 2450 664 2508 'rim
693 2468 774 2506 suam
807 2451 930 2523 primam
961 2468 994 2508 ao
1025 2466 1125 2507 veram

79 2532 204 2591 exuisse
224 2539 254 2591 et
275 2531 317 2592 ita
338 2530 474 2590 accedere
494 2531 533 2589 ad
556 2532 677 2592 alterum
694 2533 865 2607 particulam
880 2530 980 2615 δῆτα,
1004 2539 1037 2588 ut
1051 2527 1125 2589 nihil

80 2626 202 2692 prorsus
231 2632 383 2672 commune
410 2612 517 2674 lrabeat
545 2630 610 2673 cnm
636 2616 780 2691 particula
804 2604 900 2701 ἤδη,
914 2616 1001 2676 facile
1028 2614 1126 2675 doceri

80 2704 182 2774 potest
201 2717 301 2755 seram
320 2698 480 2771 particulae
501 2700 747 2775 significationem
761 2720 821 2759 uon
842 2701 1005 2763 evanuisse.
1046 2696 1124 2757 Nam

82 2784 182 2858 quom'
199 2774 238 2862 δὴ
258 2782 430 2853 particulae,
465 2789 498 2839 ut
522 2779 611 2857 supra
638 2784 780 2858 vidimus,
812 2802 922 2858 perse
950 2777 1039 2841 nulla'
1054 2791 1126 2840 tem·

83 2863 168 2938 poris
184 2862 365 2935 'significatio
388 2862 622 2935 adhaerescet-et,
649 2866 703 2925 sed
726 2875 836 2924 tantum
855 2866 939 2925 modo
961 2866 1125 2925 adfirmatio

84 2966 140 3020 ea,
168 2953 201 3003 nt
221 2946 257 3004 de
277 2946 375 3022 eliqua
399 2967 451 3022 re,
483 2949 564 3021 quasi
586 2968 648 3006 rem
669 2951 729 3009 iana
749 2969 851 3008 revera
872 2952 1016 3024 cognitam
1035 2942 1125 3007 lrabe-

83 3050 202 3105 remus,
224 3029 443 3092 adsereraretur
463 3050 518 3105 per
532 3029 614 3088 illam
636 3030 820 3105 particulam,
843 3052 902 3090 uon
915 3033 1021 3090 mirum
1040 3030 1126 3098 debet

84 3113 179 3175 videri
201 3113 310 3172 iactum
330 3134 424 3189 esse,
441 3121 475 3171 ut
493 3114 527 3171 ln
549 3113 683 3172 omuibus
703 3114 742 3172 iis
764 3113 852 3188 locis,
880 3114 913 3172 iu
935 3116 1042 3188 quibus
1063 3114 1125 3171 eiua

83 3197 165 3256 modi
192 3196 355 3256 adfirmatio
380 3197 475 3256 locum
496 3194 605 3256 habere
626 3204 746 3272 posset,
774 3200 862 3255 etiam
881 3196 962 3255 nulla
987 3196 1125 3271 temporis
1185 3209 1189 3215 ·

83 3275 234 3341 mentione
253 3283 378 3357 iniecta,
401 3279 588 3340 adhiberetur
605 3279 659 3339 illa
676 3280 834 3355 particulae
856 3294 1031 3355 quamquam
1050 3280 1125 3337 ratio

83 3364 300 3425 allinuatlcuis
320 3366 401 3438 ipsa,
424 3385 512 3439 quom
533 3384 573 3424 ex
592 3364 667 3423 facta
690 3384 722 3423 re
744 3362 874 3447 profecta
894 3384 961 3423 esse
981 3362 1127 3439 videatne,

84 3446 232 3521 quandam
263 3450 348 3520 quasi
382 3450 520 3523 temporis
549 3450 701 3524 praeteriti
731 3448 880 3507 notionem
905 3449 938 3506 iu
968 3468 1002 3507 se
1027 3444 1126 3521 babet,
1178 3484 1181 3493 ·
1264 3466 1273 3477 ··

84 3528 166 3607 quocl
185 3531 256 3588 item
275 3530 312 3589 lit
337 3533 371 3591 iu
391 3534 562 3592 nostratium
588 3530 727 3606 particula
747 3532 849 3607 ισίιοιι,
871 3531 923 3591 sel
946 3538 1043 3592 tamen
1066 3528 1126 3589 alio

84 3612 213 3689 quodam
235 3612 321 3673 molle
347 3614 403 3676 hoc
429 3616 563 3691 intellegi
589 3615 684 3675 debet.
727 3613 836 3673 Differo
861 3616 940 3674 enim
961 3614 1126 3673 adfirmatio
1176 3637 1180 3643 ·

81 3697 140 3760 itta
160 3698 345 3774 temporalis,
365 3708 398 3759 nt
417 3702 457 3759 ita
478 3700 588 3774 dicam,
610 3700 775 3774 atemporis
791 3698 1003 3773 significatione
1016 3705 1125 3773 aperta.
1204 3716 1208 3725 ·

170 3779 254 3841 Haec
280 3784 371 3858 igitur
396 3786 597 3858 aitcnemus,
622 3804 683 3842 non
707 3784 815 3840 nitrum
844 3790 939 3858 potest
959 3782 1071 3857 videri,
1099 3784 1127 3841 si

83 3859 127 3949 δὴ
152 3866 187 3922 in
215 3868 350 3927 omnibus
375 3868 413 3931 iis
442 3866 532 3943 locis,
561 3868 613 3925 ulii
642 3866 808 3942 temporalis
830 3867 883 3925 illa
903 3866 1068 3925 adiunctio
1088 3864 1126 3925 ad

82 3946 268 4023 singularem
287 3968 387 4009 rocem
407 3950 605 4021 adhaerescit,
631 3958 665 4008 ut
686 3959 784 4010 tamen
804 3948 842 4008 ad
862 3970 978 4011 omnam
997 3947 1126 4025 denique

81 4032 318 4097 enuntiationem
341 4030 443 4110 iaciat,
465 4038 593 4109 positum
619 4043 696 4094 esta
717 4032 849 4093 Graecis.

170 4112 286 4174 Horum
315 4126 409 4176 autem
432 4118 561 4178 locorum
588 4124 669 4176 tanta
696 4116 851 4176 multitudo
873 4125 1010 4191 tantaque
1030 4116 1125 4175 varie·

82 4210 131 4261 tas
152 4206 214 4275 est,
241 4200 346 4259 utrix
368 4205 546 4278 pensi-atim,
572 4202 680 4262 nedum
703 4199 890 4278 singillatim,
913 4203 1029 4276 possint
1052 4219 1125 4259 euu-

79 4284 203 4365 nemi.
246 4282 483 4374 Quamobrem
505 4306 593 4365 quoru
615 4304 746 4364 asopus
769 4284 886 4361 quidem
907 4282 1125 4348 consideatis

1139 1242 1229 1295 sarrit.
