2850 4842
567 520 655 594 δάν.
1068 526 1134 592 463

15 747 16 754 ι
85 712 160 762 σειε
181 689 224 760 τά
245 715 282 760 τε
311 689 406 770 ἐκτὸς
426 693 486 758 τού
508 687 637 775 τείχους
655 688 831 774 διασώζειν
849 689 907 759 ναί
928 686 1050 772 αύτούς
1069 687 1133 776 μά·

84 802 167 857 νους
197 769 454 844 διακινδυνεύειν
489 775 578 861 πρὸς
602 772 732 854 πάντας
759 775 837 854 τούς
864 774 1048 855 ἐναντίους,
1081 776 1133 843 ἐν·

84 863 202 926 ταῦθα
225 857 264 946 δὴ
282 861 374 926 θεῶν
390 857 451 940 μὲν
467 853 563 942 οἶμαι
579 863 714 946 πρῶτον
730 855 909 940 συμμάχων
926 860 994 938 δεῖ,
1014 857 1134 927 ἔπειτα
1208 936 1214 942 .

12 1023 14 1028 Ι
87 944 128 1009 δὲ
160 941 216 1007 καί
242 941 300 1008 τὸν
329 938 501 1025 λ’ππαρχον
532 939 699 1027 προσήκει
732 935 1033 1024 ἀποτετελεσμένον
1074 935 1131 1007 άν-

86 1027 155 1110 δρα
185 1019 279 1091 είναι.
314 1038 435 1101 apparet
465 1029 634 1103 scriptorem
664 1029 790 1103 quodam
817 1028 902 1086 modo
931 1030 967 1086 ab
994 1025 1131 1087 inchoata

85 1121 232 1171 structura
262 1113 402 1170 orationis
425 1114 578 1172 recessisse
599 1120 646 1186 et,
678 1114 765 1185 quasi
789 1112 920 1185 simplex
939 1104 971 1174 εί
990 1111 1130 1186 particula

84 1197 121 1254 in
143 1195 271 1254 menibro
299 1193 481 1254 antecedenti
502 1198 598 1271 posita
619 1205 712 1271 esset,
748 1197 789 1254 ita
810 1196 931 1254 alterans
953 1195 1135 1254 condicionis

83 1287 201 1354 partem
223 1278 412 1352 adiunxisse,
435 1287 467 1336 ut
489 1279 515 1337 is
536 1278 654 1353 quidem
673 1277 814 1338 locus‘da
833 1279 973 1338 facilitate
992 1281 1130 1337 mutatio·

83 1363 136 1420 nis
166 1364 333 1421 testimonio
366 1381 430 1421 esse
462 1364 571 1436 possit,
603 1383 664 1421 nou
698 1372 796 1422 autem
826 1364 971 1436 pertineat
1002 1362 1041 1420 ad
1061 1383 1130 1421 con·
1210 1427 1215 1434 ¹

83 1446 266 1504 iunctionem
296 1436 336 1528 ἢν
367 1446 524 1519 particulae
555 1461 619 1504 cnm
650 1449 788 1520 optativo.
847 1443 953 1520 Neque
974 1465 1030 1522 ego
1053 1467 1130 1504 nunc

85 1548 139 1588 eos
163 1527 371 1603 Xenophontis
399 1528 477 1587 locos
504 1528 649 1603 adieram,
674 1533 706 1588 iu
737 1530 843 1603 quibus
868 1548 886 1589 e
914 1529 1058 1588 librorum
1077 1550 1129 1588 ve·

85 1614 184 1686 etigiis
207 1614 328 1670 tortasse
352 1632 402 1686 ea,
430 1610 467 1672 de
488 1633 545 1686 qna
570 1613 706 1686 dicimus,
730 1613 902 1671 constructio
922 1614 1038 1672 restitui
1060 1631 1127 1686 pos·

84 1698 146 1769 sit,
168 1697 262 1769 qualis
283 1703 328 1754 est
348 1695 400 1753 ille
424 1715 463 1754 ex
483 1697 670 1774 Expeditiooe
693 1698 759 1768 opu
779 1697 831 1756 lib.
853 1692 895 1754 V.
917 1716 980 1769 cap.
1003 1703 1031 1753 3.
1052 1700 1081 1768 5.
1096 1701 1128 1754 6.

83 1781 137 1837 ubi
160 1799 247 1852 quom
274 1778 360 1854 volgo
391 1779 521 1852 legeture
561 1775 631 1842 Καί
653 1773 859 1853 ἐπέστειλεν,
886 1769 927 1861 ἢν
944 1776 1005 1880 μὲν
1026 1769 1128 1852 αὐτὸς

83 1863 208 1945 σωθῇ,
241 1853 348 1946 ἑαυτῷ
377 1853 581 1934 ἀποδοῦναι,
615 1853 646 1923 εἰ
668 1858 706 1925 δέ
726 1882 760 1924 τι
781 1854 909 1932 πάθοι,
939 1865 1127 1928 ανυθείναι,

80 1939 314 2027 ποιησάμενον
340 1943 381 2028 τῇ
393 1935 574 2040 ᾍρτίμιδι
603 1939 633 2016 δ’,
660 1964 693 2008 τι
725 1937 832 2007 οἴοιτο
860 1947 1057 2025 χαριεῖσθαι
1083 1946 1126 2027 τῇ

80 2027 186 2111 θεῷ,
221 2029 291 2087 iibri
321 2039 417 2086 autem
437 2025 595 2088 Etonensis
617 2047 650 2086 ac
670 2025 821 2086 Parisinus
844 2032 923 2086 1641
948 2027 1125 2099 exhibeant:

79 2101 121 2192 ἢν
155 2105 194 2174 δέ
222 2132 255 2172 τι
287 2107 405 2195 πάθῃ,
437 2110 525 2168 facile
559 2111 699 2182 suspicari
727 2115 845 2186 possis,
884 2112 955 2168 olim
985 2114 1126 2185 scriptum

78 2195 192 2251 traines
234 2184 274 2274 ἢν
308 2187 346 2256 δέ
373 2213 406 2254 τι
438 2184 565 2263 πάθοι,
604 2184 799 2267 ἀναθεῖναι,
829 2188 1056 2274 ποιησάμενον
1083 2195 1163 2278 τῆ

54 2266 256 2359 ,Ἀρτέμιδι
284 2269 313 2346 δ,
342 2295 375 2336 τι
405 2266 512 2336 οἷὀιτο
532 2275 729 2357 χαριεῖσθαι
751 2276 794 2358 τ]
814 2276 913 2358 θερί,
943 2285 975 2334 ut
995 2286 1126 2336 extrema

80 2359 227 2419 orationis
249 2378 318 2432 pars
338 2377 391 2433 per
407 2361 569 2417 orationem
585 2357 736 2430 obliquam
757 2295 905 2417 eberatur.
947 2358 1030 2418 llaec
1046 2363 1125 2420 enim

80 2443 118 2504 ele
142 2443 353 2502 constructione
380 2442 445 2516 ipsa
473 2439 547 2499 nibil
572 2441 704 2517 probant.
747 2439 819 2500 Alia
847 2461 949 2502 caussa
976 2451 1023 2502 est
1041 2445 1123 2503 illias

78 2527 157 2600 loci,
180 2526 229 2602 qui
254 2527 385 2596 omnium
408 2524 550 2582 librorum
570 2544 711 2584 consensu
736 2521 860 2584 babetur
880 2528 912 2583 in
935 2523 1067 2585 Platonis
1089 2529 1123 2584 tle

80 2607 323 2688 laurentian.
347 2630 376 2683 p.
399 2613 471 2667 661.
495 2605 528 2670 G.
552 2607 597 2668 ed.
622 2604 663 2665 H.
688 2603 793 2682 Stepb.
818 2606 898 2668 Part.
921 2607 977 2667 lll.
1000 2610 1061 2670 rol.
1081 2607 1129 2668 ll.-

80 2715 111 2768 p.
138 2695 198 2749 248
212 2713 258 2766 sq.
280 2691 326 2752 erl.
350 2689 449 2751 Besk.
473 2693 506 2750 in
525 2689 603 2749 bunc
623 2689 758 2749 modum:
782 2683 902 2770 Ὑμεῖς
921 2686 958 2754 δὲ
979 2686 1036 2753 καί
1056 2685 1121 2773 &yssi

72 2775 155 2838 ’που
182 2768 261 2838 τάδε
288 2769 439 2854 λέγομεν,
476 2767 521 2848 ὡς
548 2765 652 2837 ταῦτά
679 2769 750 2838 ε’στι
777 2767 952 2850 ξύμπαντα
979 2769 1124 2849 δικαίοις

80 2852 147 2937 μὲν
168 2852 223 2919 καί
237 2849 344 2933 ὁσίοις
365 2847 523 2937 ἀνδράσιν
542 2845 663 2940 άριστα
680 2849 839 2938 κτήματα,
863 2849 994 2932 άδίνοις
1010 2853 1046 2920 δὲ
1063 2855 1124 2918 κοί·

82 2959 183 3002 κιστα
203 2932 390 3018 ξύμπαντα,
413 2931 581 3038 ἀρξάμενα
603 2934 672 3002 ἀπὸ
693 2940 753 3038 τῆς
769 2933 906 3020 ὑγιείας·
931 2937 988 3002 καί
1004 2937 1045 3025 δή
1066 2936 1123 3004 καὶ

81 3019 121 3084 to
145 3011 228 3106 δρᾶν
249 3018 305 3085 καὶ
325 3017 363 3086 τὸ
386 3012 520 3084 άκουειν
538 3015 595 3084 καί
619 3013 849 3084 αίσθανεσθαι
872 3017 928 3084 καί
948 3016 986 3083 τύ
1009 3021 1123 3106 παρά-

81 3127 153 3168 παν
176 3101 231 3189 ζῆυ
250 3102 410 3187 μέγιστον·
421 3101 482 3181 μὲν
505 3099 606 3166 κακὸν
626 3097 683 3166 τὸν
702 3096 875 3180 ξύμπαντα
894 3097 1013 3200 χρόνον
1033 3098 1122 3168 διθά-

81 3208 181 3250 νατον
212 3181 291 3250 ὄντα
323 3183 379 3250 καὶ
410 3181 607 3270 κεκτημένον
628 3178 739 3248 πάντα
763 3181 805 3247 τά
824 3181 985 3266 λεγομενα
1007 3178 1123 3266 άγαθὰ

81 3266 171 3354 πλὴν
199 3265 418 3352 δικαιοσύνηέ
437 3291 473 3332 τε
500 3265 556 3332 καί
585 3259 705 3352 ἀρετῆς
732 3259 883 3350 ἁπάσης,
916 3263 1053 3332 ἔλαττον
1075 3267 1122 3344 δι’,
1200 3273 1240 3314 ·‘

82 3345 123 3414 ίίν
152 3343 198 3428 uic
223 3345 407 3433 ὀλίγιστον,
438 3345 458 3414 ὁ
488 3352 640 3426 τοιοῦτος
664 3343 784 3434 χρόνον
816 3343 969 3434 ἐπιζῴρ.,
1001 3373 1060 3426 quo
1089 3355 1122 3411 in

80 3435 145 3494 loco
173 3436 243 3495 iude
270 3439 415 3511 optativus
445 3435 497 3494 ille
518 3427 645 3517 ἔπιζρίη
666 3442 735 3508 post
756 3427 796 3495 ίὶν
817 3435 987 3508 perticulam
1008 3437 1122 3511 positus

81 3518 356 3596 euplicandas-eat,
385 3519 463 3596 quorl
485 3517 683 3577 condicionem
706 3538 766 3576 non
786 3517 916 3577 absolute
935 3539 1048 3592 ponere
1068 3541 1121 3578 vo-

80 3601 136 3662 luit
163 3601 373 3680 pbilosopbns,
401 3603 452 3662 serl
481 3622 521 3661 ex
548 3621 649 3660 eorum
670 3621 829 3676 consensu,
861 3603 912 3674 qni
931 3601 1014 3660 illam
1034 3623 1122 3676 quem

81 3687 175 3746 adfert
195 3689 369 3748 sententiam
391 3687 576 3746 sanxissent:
601 3693 633 3743 ut
654 3706 714 3744 nou
736 3693 814 3744 recte
835 3684 940 3744 lecim
956 3686 1121 3761 uideantur,

82 3773 135 3844 qui
157 3781 224 3845 poet
245 3773 350 3835 verber
380 3763 449 3834 ἀπὸ
470 3769 529 3853 τῆς
548 3759 686 3848 ὑγιείας.
715 3761 832 3844 pleneus
854 3771 1121 3844 interpunctionem
1162 3843 1167 3850 ἤ

80 3862 250 3928 posueruut.
300 3853 436 3915 Isocratis
465 3852 584 3928 quidem
612 3853 693 3928 loco,
726 3855 778 3927 qui
806 3851 913 3927 legitur
934 3855 1121 3913 irroratione

81 3937 116 3994 sle
135 3957 204 4014 poce
236 3942 266 4010 b.
288 3941 339 3998 45.
374 3939 420 4000 ed.
452 3934 550 3998 Bekk.
583 3958 612 4011 p.
637 3941 707 3995 168.
741 3936 786 3996 εδ.
818 3933 859 3994 Η.
887 3933 992 4013 Stepb.
1029 3927 1118 3998 Ἀλλ’

81 4013 175 4097 ὅμως
195 4013 302 4096 οίίτως
320 4013 440 4094 αύτούς
457 4009 647 4100 άγαπῶμεν,
670 4011 757 4081 ὥσθ’
780 4011 866 4102 ύπέρ
883 4015 945 4096 μὲν
962 4018 1029 4081 τῶν
1040 4013 1120 4082 παί-

80 4099 147 4164 δων
168 4103 233 4166 τῶν
254 4096 436 4188 ἡμετέρων,
460 4095 500 4186 ἢν
520 4096 602 4184 περί
622 4121 714 4174 τινας
735 4095 967 4184 ἔξαμάρτοιεν,
998 4094 1060 4165 ούκ
1080 4093 1121 4164 ib

80 4178 303 4270 ἐθελήσαιμεν
321 4185 417 4262 δίκας
431 4177 602 4262 ὑποσχεῖν,
623 4175 710 4265 ύπὲρ
730 4180 768 4246 δὲ
787 4183 847 4267 τῆς
861 4176 994 4245 ἐκείνων
1008 4177 1121 4266 ἁρπα-

79 4269 139 4348 ίύς
166 4265 223 4332 καί
250 4264 327 4346 βίας
354 4265 411 4334 καί
433 4264 646 4346 παρανομίας
664 4258 851 4345 μελλόντων
870 4266 937 4328 τῶν
955 4260 1121 4351 ἐγκλημά-

79 4369 143 4414 των
173 4346 227 4436 ἐφ’
246 4345 336 4438 ἡμᾶς
356 4349 448 4441 ἥξειν
469 4341 528 4429 ούχ
548 4345 643 4427 ὅπως
665 4340 925 4431 ἀγανακτοῦμεν,
955 4341 1119 4416 ἀλλὰκαὶ
