2850 4842
266 442 333 513 284
582 438 648 528 γέ,
678 439 728 524 yr'
753 440 1003 526 rorsyoir.

268 634 389 675 numero
406 609 463 673 lroc
478 611 564 673 mo'do
576 612 665 672 loonti
678 617 785 673 essent.
794 614 799 621 '
818 610 960 671 Reddidit
974 609 1055 687 Aug.
1068 608 1214 675 Meinek'e
1227 615 1322 675 etiam

268 698 479 773 Menandrop.
494 701 566 759 569.
589 692 700 759 Και
667 719 704 779 op
717 718 766 772 μα
752 688 847 758 Δια
860 716 907 776 yr
939 692 1093 756 Praeterea
1105 700 1235 758 conferri
1245 722 1322 773 pos·

269 792 337 842 nunt
354 781 427 843 teies
447 784 514 857 loci,
538 780 634 857 qualis
653 779 779 839 Luciani
796 782 868 838 est
858 800 892 837 ιιι
910 782 1031 878 Diolopo
1047 791 1220 842 nrortnorum
1231 782 1321 845 XX.

268 871 353 941 §.iq
374 869 425 925 ubi
441 876 593 940 postquam
606 861 726 923 Aeaeus
740 863 831 922 dixit:
856 856 979 927 Bootae
1000 884 1056 927 σοι
1078 860 1233 939 ἐπιδείξω
1254 863 1321 929 καὶ

269 945 348 1023 τοὺς
368 942 512 1033 σοφούςς
537 948 686 1022 respondit
706 947 885 1021 Menippus.
910 944 964 1031 Νῆ
987 944 1058 1009 Δία
1078 968 1126 1028 γε.
1167 948 1282 1025 Quod
1272 962 1322 1007 uta

269 1033 376 1091 dictum
398 1041 442 1091 est
464 1034 549 1115 quart
570 1029 608 1115 vr}
629 1030 698 1094 Ata
720 1039 798 1091 esset
821 1031 963 1104 quaedam
985 1029 1158 1098 adfirmandi
1178 1034 1329 1091 formula.

268 1114 373 1191 ltaque
399 1137 463 1173 non
487 1104 572 1176 aliter
592 1114 644 1175 illo
668 1117 731 1173 loco
755 1112 858 1172 dicitur
879 1108 917 1198 νὴ
938 1109 1007 1176 Δία
1027 1136 1064 1194 γε
1087 1126 1175 1189 atque
1197 1118 1293 1175 aliis
1283 1139 1318 1177 ιιι

269 1200 355 1259 locis:
379 1196 474 1261 Πάνυ
495 1220 541 1281 γε,
562 1208 590 1259 et
611 1220 686 1279 quae
708 1206 776 1257 sunt
797 1196 916 1258 similia.
958 1195 1052 1257 Porro
1073 1198 1129 1258 huo
1149 1202 1217 1259 iacit
1239 1202 1318 1258 aliun

270 1281 398 1344 Lucinni
429 1282 510 1343 locun
539 1282 572 1341 ds
599 1288 780 1342 ιιιιιιιιιιιιιίἰι
810 1286 839 1354 §.
869 1287 921 1343 28.
964 1278 1013 1344 Τὸ
1040 1278 1102 1359 μὲν
1131 1278 1194 1367 γὰρ
1226 1282 1318 1367 tana

271 1360 408 1442 ξυνόντα
430 1363 485 1429 καὶ
507 1389 544 1450 op
533 1360 624 1429 Δια
645 1387 686 1459 γι
703 1364 858 1465 διψῶντα
876 1357 973 1449 μύρι)
992 1360 1151 1469 χρίεσθαι
1169 1362 1226 1430 καὶ
1242 1387 1320 1433 στε-

272 1452 466 1548 gravetudine
496 1471 555 1532 την
585 1446 733 1532 κεφαλὴν
763 1440 845 1523 ni„
876 1451 928 1506 nbi
956 1447 1014 1511 καὶ
1016 1471 1089 1591 ml
1103 1445 1173 1511 Ata
1198 1472 1236 1530 γε
1266 1448 1319 1513 δι·

271 1535 389 1613 ψῶντα
421 1533 547 1607 denique
574 1532 647 1591 niltil
677 1530 756 1589 aliud
784 1540 830 1590 est
862 1534 937 1589 nisi.
968 1528 1024 1594 nai
1047 1555 1068 1593 α
1091 1534 1224 1633 ηθῶςγ
1225 1554 1241 1595 ε
1265 1532 1320 1595 ὄι-

270 1617 398 1698 ψιυντα.
441 1616 564 1675 Recta
555 1620 643 1693 igitur
661 1614 699 1675 G
718 1614 892 1674 Diudoriius
912 1615 1038 1673 reddidit
1059 1612 1114 1677 καὶ
1135 1640 1172 1699 ιιι
1162 1557 1256 1681 Δία
1279 1638 1318 1697 γε

270 1703 356 1758 etiam
372 1699 632 1770 Demosthenicae
662 1702 805 1774 orationi,
838 1720 913 1772 quae
944 1710 988 1757 est
974 1696 1094 1800 napi
1121 1644 1307 1775 συντάξεως

269 1787 297 1855 §.
324 1788 372 1841 16.
396 1783 441 1843 ed,
468 1782 566 1843 Bekk.
591 1806 621 1861 p
648 1780 1018 1848 170.ed..Reis.1k1ior
1044 1779 1256 1888 vpalroeya
1288 1806 1317 1843 ω

272 1857 389 1947 iirdpeg
413 1858 608 1967 Λθηιαῖοι,
638 1863 747 1948 ἓιεροί
773 1888 810 1946 γε
837 1860 929 1944 duitor
953 1862 1203 1951 nopalpnpznor
1222 1863 1319 1945 πρὶς

270 1943 356 2025 ‘ducis'
379 1947 515 2029 ψευδεῖς
537 1970 612 2020 xre„
636 1969 677 2008 ex
697 1953 772 2007 libro
787 1946 923 2009 l'nrrslno
946 1960 1103 2023 optumo..
1084 1950 1225 2022 „quod
1238 1963 1317 2009 recto

270 2033 428 2109 legitur,
404 2053 466 2093 sive
479 2042 579 2107 postea
591 2029 626 2114 γὲ
640 2055 705 2091 oum
721 2036 819 2108 paucis
830 2034 1002 2107 quibusdam
1012 2034 1097 2093 libris
1109 2035 1222 2093 tollis‘
1198 2055 1260 2092 erre
1271 2037 1324 2093 ibt

272 2138 390 2192 qnoque
410 2119 564 2192 relinquis.
609 2115 696 2176 Geni.
717 2138 791 2191 quos
812 2118 916 2177 multos
937 2119 1172 2194 locoscongessit
1187 2117 1224 2175 G.
1238 2116 1317 2175 Din-

271 2201 382 2261 dorlius
404 2203 424 2261 l.
447 2202 467 2260 Ι.
489 2225 518 2278 p.
540 2206 610 2261 338.
632 2200 672 2261 Α.
717 2201 766 2260 Ac
780 2204 811 2268 „si
835 2212 966 2259 accurate
990 2202 1025 2260 de
1047 2200 1172 2262 historia
1187 2201 1318 2262 Graecae

271 2286 488 2345 consuetudinis
509 2295 685 2360 statuemus,
710 2284 939 2346 sioliabendum
959 2289 1031 2345 erit:
1057 2288 1177 2360 aritiquo
1197 2287 1319 2361 quidem

271 2380 412 2445 ternpore,
434 2392 523 2445 quom
540 2371 681 2445 particula
701 2366 737 2449 γὲ
757 2391 816 2428 non
836 2379 934 2445 posset
954 2372 1011 2428 iuri
1029 2370 1152 2429 iurando
1170 2371 1236 2428 addi
1257 2372 1319 2430 nisi

271 2456 322 2526 ite,
344 2463 377 2511 ut
399 2475 458 2511 non
480 2464 536 2512 tam
558 2453 775 2512 iusiurandum
797 2457 903 2532 ipsum,
924 2454 977 2515 red
996 2452 1215 2522 adfirmatio'ea,
1238 2474 1319 2526 qnae

271 2546 460 2607 quaereretur
481 2540 543 2595 inre
564 2536 698 2612 iurando,
720 2542 827 2611 respici
847 2538 1003 2612 rideretur,
1024 2558 1087 2598 earn
1106 2558 1165 2596 non
1185 2536 1318 2596 additam

270 2618 365 2678 rideri
388 2622 446 2678 nisi
468 2622 501 2677 in
522 2640 656 2679 sermone
677 2641 724 2694 eo,
747 2625 799 2695 qui
814 2626 892 2680 vitae
904 2623 1064 2683 cotidianae
1075 2622 1317 2682 consuetudinem

270 2710 512 2776 repraesentaret.
556 2702 657 2777 ltaque
681 2703 899 2781 Aristophanes
920 2711 1067 2782 ceterique
1085 2716 1188 2781 poetae
1210 2698 1337 2765 cornici'

271 2787 425 2860 aliquoties
451 2790 499 2845 ita·
519 2786 608 2847 locuti
634 2804 714 2862 sunt,
742 2811 831 2864 quom
857 2794 947 2849 ceteri
974 2792 1037 2850 fere
1058 2794 1212 2865 scriptores
1234 2812 1319 2848 aceu-

270 2875 380 2930 ratiore
407 2870 526 2946 quidem
546 2872 662 2930 dicendi
683 2894 793 2949 genere
814 2870 852 2954 γὲ
872 2874 907 2933 nd
929 2885 1035 2934 certam
1056 2874 1199 2951 quandam
1221 2876 1320 2932 notin-

270 2976 337 3013 nem
361 2954 571 3015 adfirmationis
593 2978 698 3016 vocare
722 2960 860 3017 solerent.
903 2956 1010 3017 Postea
1032 2970 1138 3033 nutem,
1161 2961 1208 3016 ubi
1231 2960 1319 3017 iami-

271 3039 353 3099 liaris
384 3048 413 3099 et
443 3040 588 3099 cotidiana
614 3043 757 3115 loquendi
777 3042 954 3119 consuetudo
973 3046 1065 3102 'etiam
1086 3064 1103 3101 a
1124 3045 1225 3101 ceteris
1247 3045 1321 3100 sori·

271 3127 403 3200 ptoribus
424 3134 540 3199 renepta
562 3132 615 3201 ost,
641 3147 700 3184 non
723 3130 781 3185 iam
803 3127 958 3200 quisquam
972 3129 1110 3185 abstinuit
1123 3147 1161 3185 ne
1175 3127 1320 3184 abnltera

201 3204 209 3215 '
272 3209 391 3283 quidem
417 3212 573 3269 verborum
600 3168 806 3285 dollocntione,
834 3214 950 3284 quoties
978 3211 1087 3269 illud
1077 3208 1114 3293 γὲ
1141 3211 1177 3269 ad
1200 3231 1318 3268 omnem

215 3364 220 3373 Ι
271 3293 517 3368 affirmationem,
540 3314 615 3379 quae
636 3292 851 3370 induceretur
841 3316 907 3353 rure
926 3296 1061 3371 iurando,
1083 3305 1214 3371 spectare
1234 3294 1320 3353 ride·

155 3625 191 3679 Il

89 3713 115 3766 ln
135 3712 255 3763 hortatio·

150 3797 193 3835 ne.

271 3386 368 3435 retur:
397 3384 495 3451 itaque
525 3370 663 3437 dixerunt
690 3377 739 3456 μὰ
764 3372 821 3441 τὸν
850 3372 920 3443 Δία
947 3401 1005 3483 γε.
1027 3374 1083 3441 καὶ
1112 3374 1150 3462 νὴ
1176 3372 1281 3440 Δι’.α
1270 3399 1321 3457 γε,

271 3460 374 3519 eodem
377 3481 514 3603 'prlorsus
535 3461 631 3538 modo,
651 3484 739 3543 quo
730 3456 818 3526 πάνυ
839 3484 884 3544 γε,
907 3486 964 3526 και
956 3404 1150 3549 *Iailpdnig
1144 3484 1181 3543 γε
1199 3472 1227 3520 et
1242 3483 1323 3537 quae

272 3538 340 3603 sudi
361 3548 425 3602 simi
441 3566 467 3602 ιιι

355 3626 407 3688 Ad
436 3630 677 3689 exclamationem
704 3634 833 3706 pertinet
858 3632 945 3689 etiam
967 3628 1138 3689 hortatio
1162 3637 1191 3688 et
1213 3638 1321 3703 opta-

273 3716 344 3787 tio,
368 3712 530 3787 dequibus
555 3718 695 3773 orationis
716 3717 837 3788 formis,
868 3718 923 3773 etsi
946 3735 980 3772 ea
1007 3736 1126 3788 qnoque
1148 3714 1322 3785 eondieione

272 3795 308 3880 γὲ
332 3798 473 3871 particula
496 3796 606 3853 nullam
628 3799 717 3854 elium
737 3802 798 3857 rim
816 3797 902 3857 lrabet
923 3802 981 3857 nisi
1003 3820 1077 3872 earn,
1096 3807 1128 3854 ut
1150 3806 1232 3856 aonat
1253 3817 1322 3855 eam

271 3902 388 3954 vocem,
413 3880 448 3937 nd
471 3900 558 3952 quam
584 3878 694 3938 adiecta
717 3882 845 3957 legitor,
869 3892 965 3941 tamen
987 3894 1142 3957 propterea
1167 3880 1324 3939 dicendum

271 3964 320 4025 hic
340 3975 384 4029 ert
404 3966 571 4039 separatim,
596 3966 673 4038 quod
694 3966 839 4025 formulae
859 3967 1002 4040 quaedam
1021 3967 1136 4025 dicendi
1155 3963 1224 4023 lrino
1245 3985 1321 4038 qno·

273 4070 330 4123 que
354 4056 457 4110 enatae
479 4058 558 4124 sunt,
580 4052 684 4123 quibus
705 4048 811 4109 Graeci
833 4053 1042 4124 transtrum,
1065 4053 1149 4108 utin
1170 4050 1320 4125 plerisque

271 4132 344 4192 locis
375 4154 435 4191 non
463 4133 551 4192 facile
580 4152 722 4209 agnoscas
751 4138 878 4209 primam
907 4156 940 4192 ao
968 4136 1131 4192 naturalem
1159 4131 1321 4207 particulas

273 4217 342 4273 vim.
385 4216 504 4274 Etenim
532 4220 558 4276 si
586 4218 680 4277 dicas:
712 4210 789 4282 εἶπέ
810 4240 864 4296 γε,
896 4222 1016 4294 proprie
1038 4217 1114 4278 nihil
1134 4217 1213 4277 aliud
1233 4215 1325 4289 diois,

273 4299 332 4354 nisi
353 4298 430 4374 qirod
451 4296 553 4363 Latini
574 4300 691 4362 diountr
715 4302 761 4363 dio
781 4311 866 4375 orm,
893 4323 966 4369 nosr
987 4306 1063 4389 Sapo
1082 4306 1268 4378 martyrum,
1289 4308 1326 4361 nt
