2850 4842
620 450 677 519 aa
874 454 878 457 ·
1112 436 1210 525 ³50³

122 610 332 692 praecederent
355 617 445 677 rerba
466 619 520 677 rix
541 620 758 695 appositionem
778 622 910 697 recipere
929 620 1113 702 viderentur,
1131 630 1174 688 uti

121 702 231 761 factum
250 708 294 759 est
313 702 347 759 in
364 700 418 760 illc
438 698 591 762 Parthenii
612 704 687 780 lacu,
709 724 798 777 quern
820 726 860 765 ex
880 719 944 782 cap.
961 714 991 767 6.
1008 712 1036 781 §.
1054 718 1081 769 l.
1097 714 1126 784 ἦ.
1142 716 1172 771 7.

121 785 169 843 ed.
198 781 336 845 Passaw.
365 786 450 859 posui
478 787 511 845 iu
545 789 658 857 θνατοί.
682 792 756 847 criti.
782 810 813 864 p.
837 796 907 849 102.
939 787 1089 872 Λέγεται
1115 792 1173 858 καὶ

121 864 250 931 Sidera
271 862 330 929 τὸν
338 858 550 973 Ὀδομάντων
571 868 879 955 βασιλέαγοννῆσαι
894 873 1066 958 θυγατέρα
1077 875 1171 938 Παλ-
1197 904 1210 915 ·

121 943 236 1033 λήνην,
264 945 365 1049 saniir
385 948 424 1015 de
447 948 504 1015 καὶ
526 946 694 1037 ἐπίχαριν,
718 950 774 1016 καὶ
796 953 853 1016 διὰ
873 956 974 1018 τοῦτο
996 953 1059 1020 ἕπε’
1074 958 1170 1023 πλεῖ-

121 1052 200 1095 στον
222 1054 271 1113 χω
293 1054 374 1117 ησαι
401 1031 498 1110 κλέος
525 1026 629 1119 αὐτῆς
657 1028 738 1109 sae,
769 1039 820 1097 ubi
847 1040 959 1098 maiore
984 1041 1110 1115 quadan
1137 1046 1169 1103 ri
1241 1067 1244 1074 ⁴

119 1114 255 1175 adiicitur
273 1054 348 1176 daec
366 1119 480 1192 puellae
500 1118 667 1195 descriptio,
689 1141 777 1195 quam
799 1124 826 1180 ei
847 1119 885 1186 τὲ
901 1144 957 1197 pra
977 1121 1016 1188 δὲ
1033 1144 1168 1202 reponas,

118 1202 205 1275 qnasi
220 1198 330 1260 Latine
350 1200 446 1261 dicas:
468 1207 582 1261 Dicitur
601 1209 730 1279 ροανὶσεο
750 1202 848 1277 filiam
864 1207 1016 1278 Pallenes,
1037 1210 1167 1285 padernas

117 1302 183 1342 aera
204 1303 240 1341 ασ
259 1292 416 1347 camenam.
459 1283 572 1345 Eadem
595 1286 681 1355 mc'dc
704 1290 794 1347 etiam
816 1291 1001 1366 participium
1022 1312 1078 1365 per
1097 1313 1166 1367 per-

120 1366 235 1425 ticulam
264 1364 302 1431 δὲ
329 1367 462 1428 adiicitur
488 1390 548 1428 non
574 1391 725 1445 uunquam
752 1372 788 1430 ad
813 1393 921 1433 namen
943 1376 1165 1451 substantivum,

45 1522 50 1529 .
117 1452 203 1525 quasi
223 1454 283 1509 iam
303 1449 360 1510 elia
380 1454 470 1527 actio,
491 1455 537 1512 cai
558 1454 670 1529 aliquid
688 1457 801 1530 opponi
814 1466 926 1533 pascet,
947 1462 1164 1535 praecessisset,

117 1534 210 1593 veluti
229 1537 263 1593 in
287 1554 323 1593 ec
344 1532 470 1595 Diaderi
492 1534 583 1596 Siculi
607 1538 688 1615 laec,
718 1559 805 1615 quem
831 1540 945 1601 elibre
964 1538 1038 1601 ΧΗ.
1064 1566 1089 1602 c.
1111 1548 1163 1603 73.

114 1620 201 1694 perui
227 1620 260 1676 iu
289 1619 403 1688 Quaen.
432 1626 505 1679 mitt.
534 1642 565 1696 p.
595 1628 666 1684 103.
708 1619 1099 1709 Καταστρατοπεδεύσσς
1124 1624 1164 1691 δὲ
1273 1706 1276 1710 ,

114 1694 260 1784 πλησίον
280 1695 414 1777 πόλεως
429 1693 573 1779 Ἠϊόνας,
596 1694 787 1808 ἀπεχούσης
799 1703 838 1770 δὲ
852 1698 1162 1793 τῆςἍμιγιπόλεως

114 1778 266 1859 σταδίοις
293 1776 338 1859 ὡς
363 1779 555 1866 τριάκοντα,
592 1785 787 1871 προσβολας
812 1784 961 1855 ἐποιεῖτο
988 1792 1036 1875 τῷ
1061 1787 1161 1856 noli·
1267 1804 1273 1813 “
1333 1805 1337 1814 “

109 1880 226 1947 aptatu.
271 1865 347 1927 fluc
375 1868 502 1945 denique
534 1871 602 1930 facit
630 1872 705 1932 aliua
734 1869 859 1932 Diodori
889 1872 982 1933 Siculi
1007 1875 1090 1935 loeus
1119 1896 1159 1937 ex

110 1948 282 2032 liqulX·
305 1958 445 2026 capes.
478 1944 724 2038 decpdcrepor
749 1950 812 2039 γὰρ
834 1956 951 2041 πολλῷ
972 1955 1160 2037 διαγωνιεῖ··

110 2036 198 2098 σθαι
219 2029 304 2097 κατὰ
325 2030 385 2119 τὴν
403 2028 588 2115 Αἴγυπτον,
611 2040 685 2112 ταῒς
706 2033 743 2101 δὲ
761 2034 936 2121 χορηγίαις
955 2032 1159 2124 ὑπερέχοντα

111 2113 169 2179 καὶ
190 2111 306 2181 τόπων
325 2109 501 2199 ὀχυρότητι
522 2113 741 2190 πιστεύοντα,
763 2122 799 2180 de
821 2144 879 2195 quo
905 2122 969 2182 loca
993 2125 1060 2183 vide
1081 2145 1158 2197 quae

109 2202 176 2259 dixi
195 2203 228 2259 in
251 2202 366 2270 Qaceet.
383 2204 457 2259 critt.
476 2222 506 2275 p.
525 2207 584 2259 102
599 2223 644 2277 sq.
687 2201 721 2260 ld
739 2206 779 2260 ita
802 2204 914 2278 dicitur,
934 2209 1018 2279 qnasi
1036 2209 1157 2266 verbum

109 2282 366 2363 διαγωνιεῖσθαι
387 2302 487 2341 rursus
509 2283 546 2341 ad
564 2304 614 2359 ea,
643 2292 720 2359 quae
740 2285 941 2362 adponuntur,
967 2291 1056 2347 verbs
1077 2291 1156 2366 cogi·

109 2370 219 2426 tadone
239 2366 448 2426 adsumendum
470 2368 518 2425 sit.
561 2366 601 2426 Et
623 2366 679 2425 hae
701 2368 820 2441 quidem
840 2372 956 2429 ratione
976 2374 1091 2447 integra
1113 2380 1158 2433 eat

108 2452 252 2509 librarum
275 2452 405 2509 annium
427 2452 568 2525 scriptura
587 2454 619 2509 in
642 2450 795 2526 Euripidis
812 2454 954 2514 Alcestide
972 2476 1000 2515 τ.
1018 2462 1080 2515 206
1098 2477 1156 2533 etp,

108 2536 160 2593 nbi
181 2554 267 2596 serra
288 2534 325 2595 de
349 2534 468 2593 demina
489 2554 543 2594 sua
562 2533 635 2594 haec
654 2535 817 2611 praedicate

464 2668 567 2719 ‹rctrc
583 2662 638 2735 γὰρ
656 2668 704 2718 καὶ
720 2670 888 2736 μαραίνεται
905 2663 987 2737 νόσῳ,
1082 2661 1086 2667 ’

275 2735 427 2805 παρειμένοι
445 2734 475 2787 dd
489 2729 584 2807 χειρὸς
600 2728 701 2789 ἄθλιον
717 2728 818 2808 βαρυα,

107 2866 188 2945 qued
210 2869 326 2927 fuerunt
345 2872 395 2944 qni
410 2871 489 2929 nulla
506 2874 690 2931 auctoritate:
712 2867 898 2956 παρημένη
913 2894 961 2955 γε,
983 2872 1152 2935 scriberent.

106 2951 199 3032 Quod
220 2956 246 3011 ai
266 2945 533 3029 isti'reputasseut,
562 2956 653 3013 multa
669 2958 789 3015 maiore
809 2958 840 3015 ri
861 2956 937 3034 dici,
967 2955 1153 3043 παρημένη

106 3033 155 3112 δέ,
176 3045 211 3095 ut
230 3038 354 3096 verbum
377 3038 494 3097 linitum
517 3058 556 3097 ex
574 3038 807 3096 antecedentibus
822 3037 1052 3115 intellegendum
1066 3051 1153 3116 esset,

105 3122 365 3196 meminisseutque
383 3122 485 3181 eodem
500 3140 618 3197 prorsus
632 3119 720 3179 mcdc
735 3118 863 3181 Graecas
876 3124 965 3181 etiena
979 3123 1152 3197 particulam
1191 3187 1193 3191 ι

104 3202 169 3288 ,γὰρ
186 3208 319 3281 posuisse
333 3204 489 3291 interdum,
511 3226 568 3279 qua
582 3203 617 3263 de
629 3224 662 3263 re
675 3224 764 3279 supra
777 3206 957 3279 explicatum
970 3214 1015 3265 est
1025 3228 1056 3280 p.
1067 3207 1152 3282 ²55,

104 3309 164 3347 nan
189 3298 299 3349 temere
320 3290 450 3347 ansuinus
470 3288 613 3348 librarum
634 3290 835 3350 testimouium
855 3290 888 3347 iu
909 3308 944 3347 rc
964 3288 1048 3348 facili
1068 3308 1151 3365 sper·
1246 3304 1253 3316 ‘

104 3380 219 3431 nerent.
261 3368 323 3431 Sed
345 3369 416 3431 haec
437 3380 466 3431 et
491 3389 567 3448 quae
586 3381 654 3431 sunt
673 3374 794 3448 similia,
814 3374 985 3447 quiveram
1005 3374 1066 3434 rim
1084 3392 1152 3447 par·

105 3455 212 3514 ticulae
230 3463 307 3515 recte
331 3459 508 3531 perceperit,
530 3455 682 3533 intelleget
704 3452 784 3530 ipse}
809 3459 918 3531 partim
940 3473 1042 3515 earum
1062 3459 1152 3517 etiarn

47 3584 52 3590 .
99 3538 183 3597 iufra
202 3537 437 3613 explicabuntur,
458 3540 508 3599 ulri
529 3540 565 3599 de
586 3539 726 3615 singulari
746 3541 780 3598 ri
799 3539 959 3615 particulae
980 3536 1017 3603 δὲ
1030 3540 1151 3600 dicetur.
1227 3569 1231 3577 ¹
1265 3574 1268 3578 ·

187 3617 235 3680 Si'
255 3622 372 3695 quanda
400 3620 473 3682 laaec
492 3624 634 3698 particula
653 3624 744 3683 insert
764 3644 869 3683 noram
891 3644 970 3699 rem,
998 3633 1152 3700 postquam

102 3704 161 3763 alia
179 3724 241 3765 nau
258 3705 430 3781 simpliciter
448 3706 535 3765 moda
557 3709 649 3783 posita
670 3716 723 3783 est,
746 3706 800 3767 sed
819 3708 972 3767 adfirmata
992 3708 1079 3766 etiam
1097 3725 1152 3781 per
1273 3738 1282 3767 a

101 3788 175 3846 alias
193 3789 373 3873 particulas,
384 3790 476 3848 ueluti
494 3809 547 3866 per
567 3786 603 3871 γὲ
625 3791 807 3869 particulam,
826 3793 870 3852 nti
888 3790 967 3873 apud
979 3788 1152 3869 Euripiden

102 3873 135 3929 iu
158 3872 360 3932 Andraatacltu
380 3892 410 3933 v.
429 3878 502 3933 2³9.
523 3874 747 3951 scriptumest:

262 3998 306 4053 Σὺ
323 3998 352 4054 d’
373 4000 406 4059 οὗ
423 4005 511 4073 λέγεις
527 4021 570 4075 γε,
586 4002 706 4078 dederi!
719 4001 753 4072 μ’
774 4006 813 4065 ela
831 4002 993 4095 ὅσονιδὺνη.

99 4128 129 4181 et
154 4141 232 4197 quae
253 4122 346 4184 multa
367 4126 398 4185 id
419 4146 513 4203 genus
535 4125 593 4184 alia
615 4132 700 4202 aaut,
726 4124 826 4202 pulta
846 4125 947 4187 adtulit
967 4124 1151 4201 Hartungius

99 4206 120 4265 l.
144 4207 166 4265 l.
190 4228 219 4282 p.
245 4212 335 4286 171„
364 4231 424 4269 nan
452 4216 579 4270 mutatur
606 4209 737 4270 caudicia
763 4210 923 4287 particulae
951 4206 996 4292 γέ.
1039 4206 1076 4267 ln
1103 4207 1150 4268 lais
1244 4246 1248 4253 ι
1299 4187 1303 4206 ⁴

99 4291 182 4352 enim
205 4290 277 4353 lacis
298 4312 382 4373 ece„
398 4297 451 4373 qui
475 4291 511 4377 γὲ
536 4300 565 4354 et
587 4290 623 4361 δὲ
644 4294 803 4373 particulae
822 4295 901 4360 ister
919 4314 954 4357 ae·
973 4290 1150 4371 respondere
