2850 4842
302 427 323 491 8
761 417 888 491 ἀλλά.

357 610 362 623 ’
387 594 437 658 Sic
458 594 586 672 dentque
606 595 714 657 lactum
735 603 789 674 est,
809 605 841 657 nt
860 597 951 658 etiarn
970 598 1006 655 la
1023 596 1243 673 approbatione
1255 598 1344 659 etal-

304 686 410 757 seusn',
441 683 492 742 nbi
520 685 620 741 miuus
650 684 740 740 etium
769 684 1003 758 exspectaveris,
1033 680 1104 741 nuic
1129 682 1292 757 particulae
1314 685 1344 742 in

305 764 418 827 Graeca
439 769 570 826 cranone
593 766 674 824 locus
697 768 752 842 ait,
778 764 871 827 relati
888 767 922 824 in
942 786 995 840 eo,
1023 765 1103 842 quorl
1123 768 1186 825 iam
1205 764 1346 826 Desarius
1411 765 1413 796 ⁵

304 872 334 927 p.
357 858 387 908 2.
410 850 573 925 usurpavit,
592 849 749 925 exemplos
772 839 879 911 Ἀλλὰ
900 847 1011 923 καλῶς
1029 868 1091 927 μοι
1106 846 1224 923 δοκεῖς
1239 844 1347 930 λέγειν,

306 933 385 1009 quod
402 936 506 1008 pretirit
528 954 568 993 ex
581 930 713 992 Platonis
732 932 808 991 libro
828 932 863 991 de
877 950 909 991 re
920 932 1033 1011 pollion
1047 927 1106 990 lv.
1121 953 1155 1007 p.
1174 938 1247 993 168.
1258 952 1287 992 r.
1300 938 1345 991 19.

306 1018 353 1079 erl.
379 1014 479 1076 Bell.
506 1038 536 1091 p.
558 1020 629 1075 021.
659 1016 706 1077 ed.
727 1014 769 1075 ll.
790 1012 914 1091 Steph,
943 1017 994 1074 ubi
1022 1013 1205 1076 Adimantus
1226 1013 1346 1075 Scantia

306 1101 434 1160 orationi
460 1100 521 1160 illis
548 1101 646 1159 verbis
671 1100 848 1176 adsentitur,
873 1108 924 1157 aut
951 1101 985 1159 iu
1008 1118 1045 1158 eo
1065 1100 1148 1172 loco,
1176 1101 1232 1174 qui
1256 1109 1300 1159 est
1316 1102 1347 1159 in

306 1188 470 1259 Ρνοιοοοιιι
490 1182 619 1243 eiusdem
637 1183 772 1244 Platonis
792 1204 824 1258 p.
846 1188 919 1242 298.
939 1204 970 1243 v.
990 1187 1021 1244 9.
1041 1182 1089 1242 ed.
1108 1181 1214 1243 Bekk.
1230 1203 1264 1259 p.
1281 1188 1347 1245 aar.
1411 1211 1413 1220 ·

307 1266 353 1349 ed.
366 1265 407 1325 Η.
423 1264 529 1342 Steph.
561 1262 630 1333 ilci
649 1258 876 1353 περὶτούτων
895 1262 933 1329 δὲ
954 1257 1120 1341 εἰσαῦθις,
1143 1259 1346 1351 ὅτανβούλῃ,
1411 1253 1413 1340 f

308 1345 467 1427 διέξιμεν·
500 1349 556 1413 νῦν
583 1348 611 1413 ‹l‘
638 1345 711 1431 ὥρα
738 1340 801 1435 ἤδη
830 1345 887 1412 καὶ
915 1340 967 1413 ἐπ’
991 1339 1074 1411 titio
1096 1368 1133 1412 τι
1152 1344 1345 1433 τρέπεσθαι.

304 1426 407 1505 Ἀλλ’,
430 1421 470 1516 ἦν
491 1426 521 1496 δ’
547 1425 620 1517 ἐγώ,
643 1432 731 1498 οὕτω
750 1429 812 1517 toi
831 1434 952 1504 ποιεῖν,
974 1424 1010 1496 εἴ
1019 1451 1074 1495 σοι
1086 1429 1195 1495 δοκεῖ.
1236 1432 1346 1511 Quibus

306 1520 339 1575 in
361 1516 432 1576 locis
453 1519 508 1577 etsi
528 1518 625 1592 ipanus
646 1520 787 1579 orationis
807 1523 1011 1590 argumentum
1034 1517 1098 1575 eius
1119 1516 1203 1576 rnorli
1225 1535 1289 1575 essa
1306 1519 1347 1575 si·

307 1590 402 1674 rietur,
420 1608 452 1657 nt
476 1603 605 1661 nainume
625 1599 902 1677 hanc-particulam,
923 1603 949 1659 sl
970 1601 1097 1676 primam
1116 1602 1181 1676 eius
1202 1598 1346 1675 significo·

309 1685 418 1743 tionem
448 1686 579 1761 obtines,
605 1687 839 1761 exspectaveris,
867 1693 964 1743 tauron
991 1702 1031 1743 ex
1051 1680 1233 1743 Graecorum
1256 1690 1346 1742 niente

308 1767 477 1827 rectissume
496 1770 630 1827 instituta
649 1772 742 1828 oratio
762 1777 815 1827 est.
857 1764 936 1827 Nam
956 1767 1024 1842 ille,
1045 1770 1097 1841 qui
1115 1765 1176 1827 lsoc
1196 1767 1283 1827 morlo
1302 1766 1347 1825 ud·

212 1861 218 1874 ¹
309 1852 450 1926 sentitur,
478 1870 540 1910 uon
566 1856 690 1927 opponit
717 1848 830 1925 aliqnirl
858 1852 985 1911 antinoi
1012 1850 1150 1926 ulterius,
1176 1850 1229 1913 aed
1255 1854 1345 1926 potius

269 1924 277 1949 ’
307 1936 373 2009 ipse
400 1943 430 1993 et
457 1953 489 1992 se
517 1944 546 1993 et
574 1936 712 2011 alterum,
740 1937 857 2010 quicum
877 1932 1025 2009 loquitor,
1050 1934 1113 1994 uolt
1134 1936 1174 1993 als
1194 1938 1274 1994 omni
1293 1934 1347 1991 alis
1411 2003 1413 2006 Ι

308 2018 483 2093 cogitatione
511 2038 646 2094 atowe,
674 2014 745 2077 dum
769 2020 855 2093 pouit
871 2015 1055 2093 'particulam
1075 2008 1179 2090 ἄλλά,
1208 2038 1294 2093 qrrem
1313 2015 1345 2075 sd
1411 2081 1413 2108 Ι

308 2101 427 2159 modum
447 2122 501 2162 noa
522 2102 648 2177 qrrorlam
667 2102 754 2161 morlo
773 2123 927 2175 possumus
946 2105 990 2161 uti
1010 2103 1155 2178 particula
1172 2102 1252 2174 deols,
1270 2101 1345 2160 velut

308 2186 341 2244 ln
361 2185 415 2244 illo
435 2184 518 2261 loco,
541 2208 630 2262 quem
650 2186 755 2246 adtulit
773 2184 958 2263 Hartuugins
978 2207 1018 2245 ex
1038 2184 1174 2245 Plutonia
1196 2189 1346 2261 Protuporo

308 2290 340 2345 p.
371 2274 449 2343 170,
473 2278 520 2331 11.
550 2270 597 2332 ed.
625 2268 725 2330 Bekis.
757 2291 788 2347 p.
811 2276 883 2329 320.
909 2267 943 2329 G'.
970 2268 1018 2330 erl.
1038 2267 1080 2329 H.
1102 2266 1211 2344 Steplr.
1241 2260 1272 2331 εἰ
1292 2257 1345 2331 οὖν

310 2345 396 2453 ᾤζεις
424 2348 656 2438 ἐναργέστερον
683 2346 762 2437 ἡμῖν
786 2348 955 2428 ἐπιδεῖξαι
975 2344 1022 2430 ὡς
1042 2344 1202 2416 διδακτόν
1221 2346 1304 2414 ἔστιν
1323 2342 1342 2431 'l

309 2428 421 2517 αρετὴ,
435 2431 488 2537 μὴ
511 2434 697 2522 φθονήσῃς,
719 2424 787 2498 ἀλλ’
810 2432 989 2512 ἐπίδειξον.
1016 2426 1116 2509 Ἀλλ’,
1131 2424 1341 2518 ὦΣώκρατες,

311 2509 386 2599 ἔφη,
409 2538 448 2580 ου
471 2511 653 2602 φθονήσω,
676 2521 727 2579 nbi
742 2518 927 2597 Protagoras,
948 2522 1006 2581 etsi
1025 2540 1137 2579 morem
1157 2521 1233 2597 gerit
1246 2518 1343 2576 solun·

309 2602 363 2659 teti
384 2596 530 2677 Socratis,
558 2609 587 2661 et
612 2605 654 2661 ita
675 2606 823 2679 oppositio
849 2604 932 2662 unllu
957 2614 1000 2664 est
1024 2605 1058 2664 in
1078 2606 1229 2676 oratione,
1254 2610 1343 2668 umen
1411 2637 1413 2640 -

259 2680 261 2685 ’
309 2703 350 2742 ex
369 2692 468 2743 menta
488 2705 542 2743 sua
561 2689 652 2745 utitur
672 2688 814 2763 particula
836 2679 930 2761 citici,
947 2709 1010 2765 ,qna
1029 2682 1095 2764 hoc,
1116 2687 1198 2763 quod
1213 2687 1343 2760 iampro·

308 2768 368 2843 bat,
390 2770 427 2825 ab
448 2772 529 2828 omni
549 2770 607 2829 alia
627 2775 804 2847 cogitatione
823 2771 940 2831 videtur
960 2790 1114 2848 segregare
1135 2780 1168 2831 et
1187 2792 1263 2829 nunc
1280 2771 1342 2844 iam,

308 2851 389 2926 qnotl
415 2851 535 2913 alterins
555 2854 701 2915 voluntati
723 2856 872 2933 concedit,
900 2876 935 2915 eo
957 2859 1055 2918 animo
1076 2857 1201 2931 accipit,
1226 2862 1259 2912 ut
1276 2853 1342 2911 uelit

192 3001 198 3009 ¹
307 2944 375 3010 post
400 2933 507 2996 habitis
536 2941 642 2999 ceteris,
665 2940 753 3000 rebus
779 2938 856 2999 hauc
879 2960 967 2999 unam
986 2941 1181 3017 potissumum
1200 2937 1341 3013 perlicere.

307 3016 453 3079 Similiter
478 3020 590 3081 locutus
615 3020 788 3099 Xenophon
814 3030 860 3083 est
884 3025 918 3082 in
947 3024 1106 3100 Disciplina
1130 3024 1199 3097 Cyri
1219 3022 1270 3081 lib.
1289 3014 1341 3079 lv.

308 3124 371 3179 cap.
392 3100 434 3163 V.
457 3108 486 3179 ς.
508 3108 558 3165 50.
581 3108 627 3166 erl.
646 3106 741 3168 Zeus.
773 3103 842 3169 Καὶ
865 3107 937 3185 νῦν,
968 3099 1114 3188 ἔφασαν,
1143 3100 1254 3186 λαβὼν
1272 3097 1343 3177 τοὺς
1411 3133 1413 3172 ;

307 3180 451 3263 ἵππους,
486 3184 595 3262 ποιέι,
625 3186 722 3266 ὅπως
748 3180 885 3275 intortio
911 3210 967 3253 σοι
995 3188 1089 3253 δοκεῖ
1109 3177 1207 3253 εἶναι.
1223 3259 1226 3263 ,
1244 3179 1343 3251 Ἀλλὰ
1411 3237 1413 3254 .

309 3266 448 3351 δέχομαί
467 3292 513 3349 τε,
536 3266 613 3357 ἔφη,
636 3270 691 3336 καὶ
712 3264 829 3374 ἀγαθῇ
848 3265 928 3359 τύχῃ
949 3266 1045 3359 ἡμεῖς
1061 3293 1098 3335 τε
1114 3266 1234 3348 ἱππεῖς
1246 3263 1342 3353 yrici—
1411 3269 1413 3302 ÷

307 3356 411 3431 μεθοι,
434 3351 490 3418 καὶ
512 3346 606 3435 ὑμεῖς
628 3352 770 3421 διέλοιτε
793 3378 834 3420 τοι
853 3349 974 3428 κοινοὶ,
996 3360 1047 3416 nbi
1069 3354 1164 3434 Cyrus
1185 3360 1227 3417 ita
1247 3353 1343 3413 alren

309 3438 397 3511 titur,
428 3446 461 3496 nt
487 3459 527 3497 ex
553 3446 651 3501 niente
678 3438 734 3502 sua
758 3438 814 3500 lsoo
835 3444 939 3501 ceteris
959 3443 1046 3502 rebus
1068 3449 1215 3516 opponat,
1241 3447 1342 3498 utnon

308 3517 448 3580 dictitans:
482 3524 576 3594 Doolr,
605 3526 651 3583 ioli
678 3526 775 3583 ocimu
798 3528 841 3582 sio
869 3544 908 3584 οιι
935 3533 986 3583 sto.
1032 3522 1095 3585 Sed
1121 3524 1275 3585 tamenin
1296 3519 1342 3579 ln·

307 3601 378 3661 locis
408 3624 469 3664 uon
495 3626 650 3681 possumne
675 3610 775 3668 omnia
801 3606 839 3666 ud
864 3611 980 3682 virum,
1013 3617 1046 3667 ot
1073 3610 1175 3683 aiunt,
1207 3624 1341 3667 rascere-

306 3684 385 3749 Num
398 3688 498 3749 multis
513 3692 545 3749 iu
558 3691 630 3753 locis
645 3690 764 3751 huiusce
779 3691 858 3751 modi
872 3693 1012 3767 primarie
1024 3692 1078 3751 illa
1090 3691 1249 3767 particulae
1261 3680 1342 3751 ἀλλὰ

272 3805 273 3815 ι
306 3774 353 3831 vis
372 3775 415 3832 ita
436 3774 553 3834 ridetur
573 3777 725 3835 obscurata
744 3795 822 3853 esse,
842 3785 876 3834 ut
896 3775 1025 3849 (leuique
1045 3774 1122 3835 nihil
1142 3776 1203 3833 ulia
1216 3790 1340 3849 parem

306 3856 488 3931 significetur
508 3860 567 3917 nisi
588 3859 722 3919 alacritas
742 3858 883 3933 quaedam
907 3860 1122 3935 respondentis,
1143 3856 1196 3933 qui
1214 3858 1257 3921 sio
1273 3854 1340 3914 torti

307 3942 406 4000 aninro
427 3941 495 4016 illa,
517 3962 593 4015 quae
614 3942 689 4001 ulter
709 3952 918 4019 proposuerat,
939 3945 1061 4020 accipit,
1082 3943 1150 4003 cluna
1170 3944 1260 4001 missa
1277 3938 1340 3997 lucit

306 4023 422 4098 reliqua
452 4028 565 4101 omnia,
598 4046 685 4101 quern
720 4027 757 4085 erl
788 4027 906 4086 modurn
934 4026 990 4087 lroo
1016 4027 1052 4086 lit
1079 4030 1112 4086 iu
1139 4022 1338 4099 xenophontis

308 4109 493 4183 Ενηιοιὶίιὶοιιο
516 4112 581 4183 Gyri
602 4111 653 4170 lib.
675 4108 714 4171 ll.
736 4108 810 4186 Cup.
826 4107 867 4169 ll.
888 4116 916 4184 §.
931 4120 946 4169 1
960 4131 1021 4186 sq,
1043 4112 1093 4171 nbi
1117 4118 1270 4185 postquam
1286 4102 1338 4162 lroc
1411 4121 1413 4130 ·

307 4188 495 4286 dictumest:
522 4182 610 4255 'Ali'
634 4186 665 4259 ei
685 4189 852 4275 βούλεσθε
872 4192 1077 4266 συναπιέναι,
1099 4190 1192 4277 ἥκειν
1210 4182 1273 4276 ἤδη
1288 4206 1336 4249 κε·
1411 4241 1413 4260 .

309 4267 398 4334 troci
419 4274 478 4355 τῆς
499 4268 632 4353 νυκτός·
655 4270 686 4343 εἰ
708 4274 746 4345 δὲ
765 4269 821 4363 μή,
843 4269 945 4355 αὐτὸς
964 4275 1058 4364 πρωὶ·
1078 4269 1214 4349 ἀπιέναι
1233 4263 1337 4360 spatha
