2850 4842
587 467 647 542 b‘s.
731 460 740 497 ⁵
1076 484 1140 551 tas

81 650 138 722 qui
163 646 252 706 locus
283 665 406 721 prorsus
431 647 567 721 congruit
597 666 662 703 cum
690 666 727 706 ec
753 646 833 724 loco,
866 668 955 724 quein
982 650 1068 711 modo
1098 672 1140 715 ex

79 731 242 805 Euripidis
264 732 414 809 Ipbipcoio
436 734 561 789 Taurica
582 734 689 790 uses
703 751 749 806 sq.
772 736 966 809 tractavimus,
988 738 1046 795 nisi
1061 736 1140 811 qnod

81 818 127 874 ibi
147 816 258 888 futuri,
280 812 330 873 bic
349 814 525 873 indicativus
545 816 710 888 praesentis
731 814 848 889 legitur.
891 815 958 877 Hoc
968 819 1055 879 modo
1070 829 1140 881 sunt

82 903 178 959 etiam
199 899 281 957 aliae
296 898 440 973 quaedam
454 901 679 963 constructiones
692 904 790 973 natae,
809 920 883 975 qnae
899 924 987 985 quam
1002 906 1039 961 ab
1052 907 1140 964 initio

82 986 184 1041 rarius
207 992 432 1058 usurparentur,
456 981 573 1083 deinde,
594 993 625 1041 ut
643 983 707 1042 lcrc
727 982 773 1056 iit,
795 986 877 1057 quasi
899 986 1058 1059 legitumae
1071 1010 1140 1047 con·

83 1055 268 1127 structiones
292 1076 428 1167 receptae
449 1075 534 1141 sunt,
562 1069 718 1143 inquibus
741 1088 830 1141 quom
851 1060 889 1129 ἂν
912 1071 1053 1143 particula
1072 1092 1140 1145 per·

84 1156 184 1209 tinent
207 1171 269 1207 non
294 1150 364 1209 ad
353 1172 450 1224 ipsum
470 1151 608 1225 verbnm,
640 1150 747 1224 quod
739 1173 771 1209 ιι
794 1156 945 1211 sententia
963 1154 1138 1230 dominatur,

84 1234 143 1295 aed
161 1255 219 1308 per
215 1231 389 1309 'quandam
410 1236 530 1309 ellipsin
550 1238 592 1293 ita
606 1232 736 1309 dicitur,
745 1244 774 1293 ut
788 1256 823 1293 aa
839 1238 1040 1312 enuntiatio,
1030 1258 1062 1295 ιι
1079 1260 1139 1340 qua

86 1322 212 1394 proprie
242 1318 379 1392 ponenda
409 1322 448 1378 sit
469 1310 653 1392 particula
634 1340 688 1395 ιιι,
717 1322 886 1393 reticeatur,
914 1322 994 1379 nulla
1019 1325 1140 1380 omnino

87 1412 138 1461 est
160 1405 333 1461 constructio
353 1395 551 1476 particulae
532 1424 571 1464 αν
590 1422 654 1459 cum
675 1422 711 1461 eo
728 1405 829 1477 verbo,
850 1403 958 1477 quod
947 1426 981 1462 ιι
995 1409 1139 1465 sententia

87 1488 232 1561 primaria
253 1488 384 1561 positum
403 1488 545 1545 videmus.
589 1484 687 1565 Quam
711 1488 748 1544 cb
772 1498 834 1545 ram
856 1507 945 1561 saepe
966 1491 1053 1547 etiam
1074 1510 1141 1547 cnm

87 1570 251 1628 indicativo
282 1572 445 1645 praesentis
475 1572 614 1643 temporis
643 1590 676 1628 ac
703 1570 794 1628 futuri
828 1580 857 1630 at
890 1574 1074 1632 coniunctivc
1108 1584 1139 1633 et

88 1656 157 1728 ipso
184 1656 363 1728 imperativo
394 1656 428 1711 in
456 1657 522 1713 eius
552 1653 632 1711 modi
657 1654 729 1711 locis
757 1655 938 1713 coniunctum
965 1664 1015 1713 aut
1039 1659 1137 1731 potius

87 1754 153 1796 nou
172 1740 374 1813 coniunctum,
398 1738 449 1797 sed
466 1744 591 1797 externa
611 1738 753 1795 orationis
774 1738 869 1797 sorma
890 1742 1076 1813 coniugatum
1097 1733 1138 1803 ἂν

87 1824 235 1883 videmus.
283 1820 366 1881 Sic'
355 1844 388 1881 ιι
413 1822 466 1922 illo
488 1818 699 1895 Xenophontis
722 1822 784 1879 loco
806 1822 842 1881 de
865 1824 998 1883 Goswiuio
1020 1844 1083 1897 cap.
1106 1828 1136 1881 4.

89 1910 119 1979 5.
143 1911 194 1964 37.
228 1896 315 2008 'Eyoi
345 1901 382 1967 δὲ
411 1898 499 1967 οὕτω
484 1902 588 2006 μὲν
614 1897 778 1967 πολλόι”
756 1926 836 1982 εχω,
867 1896 912 1979 ὡς
930 1899 1028 1983 μόλις
1052 1899 1139 1969 αὐτὰ

90 1986 150 2052 καὶ
178 1985 243 2071 ἐγὼ
270 1982 310 2051 ἂν
337 1980 439 2062 αυτὸς
460 1980 631 2072 criptura),
662 1990 713 2046 ubi
737 1986 811 2047 dnae
832 1993 1047 2050 enuntiationes
1068 2012 1137 2049 con·

39 2100 45 2109 ·
87 2069 219 2132 fletae
208 2094 242 2131 ιιι
275 2094 364 2131 unam
398 2079 486 2147 sunt,
519 2092 552 2130 ac
584 2075 609 2131 si
641 2073 798 2147 volumus,
833 2094 1007 2147 quamquam
1039 2083 1136 2149 poste-

88 2162 171 2215 riore
202 2156 321 2231 quidem
348 2165 478 2231 tempore
499 2154 572 2214 baec
593 2153 698 2214 Graeci
722 2160 845 2214 aionon
866 2168 1053 2231 acceperunt,
1085 2157 1137 2217 aad
1244 2216 1250 2221 ,

89 2244 117 2299 si
150 2241 281 2305 volumus
314 2244 404 2299 etiam
434 2240 620 2298 distinctions
651 2239 793 2314 indicare,
828 2260 915 2313 quens
949 2240 985 2298 ad
1018 2241 1137 2299 modum

91 2322 218 2382 conflata
239 2327 295 2382 ista
317 2326 489 2382 constructio
512 2323 566 2397 sit,
591 2321 761 2381 debebimus
782 2323 824 2381 ita
844 2321 916 2422 baec
941 2322 1135 2398 distinguere:
1223 2332 1227 2339 ’

87 2398 196 2508 Ἐγὼ
192 2403 283 2470 δι’
250 2403 419 2512 ademptis
440 2398 596 2469 πολλὰ’
574 2426 650 2483 εχω,
680 2397 726 2479 ὡς
746 2398 844 2481 μόλις
866 2397 966 2479 uisci,
996 2404 1052 2469 καὶ
1073 2404 1137 2489 ε’γιὺ

92 2486 135 2553 ἄν
157 2481 266 2566 αὐτός,
288 2510 440 2591 ειιρισιιιιι
475 2486 521 2549 lta
540 2510 596 2563 per
616 2490 736 2589 ellipsin
758 2488 832 2548 dicta
852 2488 925 2548 baec
945 2494 1035 2551 verba
1043 2502 1136 2595 sunta

92 2569 151 2637 καὶ
177 2569 324 2677 ἐγὼ(
265 2597 304 2637 αν
333 2564 450 2647 αιἰτός,
482 2592 557 2649 quae
577 2576 697 2648 proprie
719 2574 858 2633 solvenda
880 2582 964 2633 snut:
994 2571 1051 2638 καὶ
1072 2568 1137 2657 ἐγὼ

91 2653 133 2719 ἂν
161 2679 262 2732 curos
291 2649 490 2740 εὖρίσκιιιμι,
521 2665 553 2714 ut
579 2679 696 2731 prorsus
720 2677 737 2716 a
757 2658 892 2763 reliqua
895 2662 1027 2719 oratione
1052 2680 1136 2734 sepa·

90 2751 195 2801 rentur
211 2761 268 2800 nec
282 2744 446 2816 pertineant
465 2740 502 2798 ad
520 2744 736 2801 coniunctivum
753 2735 904 2827 εὑρίσκω
949 2743 1137 2845 Quamquam

92 2828 149 2899 qui
174 2822 304 2883 Graecus
323 2824 394 2883 baec
415 2827 547 2901 scripsit,
580 2828 632 2883 vix
655 2828 715 2883 iam
736 2825 772 2884 dc
796 2830 893 2901 prima
914 2830 1047 2901 origine,
1077 2850 1137 2903 qua

89 2908 170 2968 baec
198 2909 296 2965 animo
325 2917 457 2983 concepta
482 2929 548 2968 esse
571 2908 755 2983 viderentur,
783 2912 965 2969 meminerat.
1011 2910 1079 2993 Qua
1103 2932 1137 2971 re

90 2995 183 3053 etiam
207 2992 346 3051 orationis
366 2994 606 3065 concinnitatem,
631 3013 724 3065 quae,
752 2995 779 3050 ai
801 2990 873 3051 baec
896 2994 1053 3067 solvimus,
1077 2995 1137 3053 ela·

89 3078 232 3152 bitur,
220 3097 253 3133 ιιι
283 3071 370 3135 buius
399 3076 480 3135 modi
507 3075 581 3134 locis
608 3096 668 3132 non
699 3076 846 3133 curabant.
895 3074 960 3137 Nos
992 3078 1137 3137 dicamuss
1228 3072 1231 3079 ’

92 3162 161 3220 dass
181 3162 228 3219 iob
248 3180 278 3218 aa
298 3162 392 3231 λιιιιιιιι,
414 3161 487 3219 cucb
509 3159 585 3218 molal
608 3159 653 3216 icb
666 3151 732 3217 alti'
725 3177 763 3227 ιιι,
785 3178 815 3215 ιιι
829 3158 926 3231 buda,
949 3178 1023 3233 quae
1037 3160 1138 3219 itidem

92 3244 167 3304 dnae
190 3246 405 3303 enuntiationes
425 3254 503 3303 sunt.
545 3240 628 3301 Haec
646 3250 743 3299 autam
764 3242 947 3314 constructio,
969 3263 1044 3341 quac
1060 3242 1139 3317 apud

91 3312 206 3388 v'eteres
229 3331 382 3403 scriptores
405 3349 467 3385 non
488 3327 639 3402 legitur'
611 3328 669 3384 nisi
683 3328 789 3396 rarius,
811 3346 883 3382 mox
901 3346 983 3398 quast
975 3326 1139 3402 legituma

91 3412 210 3473 dicendi
237 3415 312 3471 ratio
339 3422 455 3486 recepta
484 3420 539 3469 est.
582 3407 686 3484 ltaque¹
707 3408 783 3467 dixit
803 3408 982 3467 Lucienus
973 3430 1003 3467 ιι
1025 3411 1138 3487 diolcpa

90 3500 248 3556 mauricio
269 3494 327 3554 Xl.
351 3500 380 3600 5,
403 3500 433 3554 4.
456 3496 615 3597 cqniunctis
638 3493 789 3567 particulis
811 3487 868 3553 καὶ
889 3485 929 3554 ἂι
949 3496 1137 3555 rectissume:

85 3572 184 3678 Εριιῦ
210 3577 270 3662 τὴν
283 3576 440 3681 μητέρα,
467 3572 503 3641 ec'
526 3599 610 3639 ποτε
634 3574 789 3639 λέλουται
808 3566 882 3653 μετ’
908 3568 1028 3679 αυτῆς·
1058 3573 1139 3659 περὶ

91 3660 156 3765 peip
182 3664 249 3733 τῶι
277 3658 358 3724 iccio
380 3659 440 3723 κᾶν
461 3654 479 3723 ὁ
502 3654 649 3733 πάππος
671 3598 865 3741 διηγήσεταί
885 3677 955 3731 σοι,
988 3654 1023 3723 εἴ
1039 3682 1075 3741 γε
1099 3658 1139 3743 ζῇ

93 3769 163 3821 etc,
195 3768 250 3805 nec
279 3748 311 3803 in
334 3748 432 3805 verbis
453 3744 515 3803 ulla
538 3750 583 3802 est
607 3744 771 3843 scripturae
788 3742 990 3816 discrepantia.
1032 3722 1138 3817 Neque

92 3834 174 3889 enim
204 3822 399 3904 particula
378 3850 435 3904 αι,
467 3848 542 3903 quac
571 3827 677 3885 latet
668 3847 700 3885 ιι
731 3820 804 3897 κᾶν,
834 3829 953 3901 proprie
979 3825 1140 3900 quidquam

92 3932 245 3973 commune
273 3911 374 3975 babuit
399 3934 464 3972 cnm
492 3914 581 3987 verbo
604 3903 701 3993 (ltqfl
703 3932 813 3987 σεται,
844 3912 894 3970 sed
917 3932 969 3984 per
991 3910 1139 3985 quandam

89 3999 357 4072 breviloquentiam
392 3995 449 4057 boc
484 4016 601 4071 quoque
630 3996 695 4055 loco
725 3994 799 4054 duae
829 3997 1041 4054 enuntiationes
1070 4013 1140 4051 con·

88 4082 211 4141 llatae
201 4104 235 4140 ιι
257 4100 346 4138 ιιιιι
368 4083 449 4156 sunt,
471 4083 511 4140 ita
534 4090 641 4154 tamen,
665 4086 697 4136 nt
716 4077 796 4135 bic
787 4100 845 4135 ram
868 4081 934 4137 siue
954 4081 1048 4152 ipsius
1072 4098 1141 4135 sen-

88 4169 201 4227 tentiae
232 4164 410 4225 detrimento
437 4167 490 4225 vix
517 4166 591 4225 solvi
619 4164 743 4238 possint.
784 4158 824 4220 Ei
853 4172 965 4235 autam,
984 4163 1046 4235 qui
1068 4158 1141 4220 baec

88 4252 181 4310 verba
207 4253 308 4308 animo
335 4252 487 4323 concepit,
516 4246 588 4307 baec
617 4247 683 4306 sera
708 4246 746 4304 ob
772 4245 871 4306 oculos
894 4246 1138 4316 obversabantur.

86 4330 171 4419 περὶ
199 4330 265 4419 γὰρ
294 4332 362 4395 τῶν
384 4327 466 4398 irus
487 4324 696 4416 διηγήσεται,
724 4323 839 4395 καλᾶν
860 4320 879 4397 ὃ
901 4320 1047 4407 πάππος
1067 4324 1141 4410 (λιιι-
