2850 4842
203 412 207 419 “
286 425 387 496 ‘teo
816 424 876 514 δή.

325 590 453 683 δήπου,
483 594 538 657 sed
566 592 688 657 tatem
723 598 810 657 stium
836 597 982 673 qusudsus
1013 602 1099 673 quusi
1129 603 1273 678 trouisus,
1308 624 1371 666 uou

324 690 402 742 recte
425 680 557 739 feceruut
578 681 754 742 recentiores
776 680 940 757 sophistae,
969 683 1047 758 quod
1070 688 1155 745 toties
1178 688 1209 744 iu
1231 687 1369 748 adfirme-

324 766 404 824 tioue
424 773 586 838 posueruut
604 762 680 822 hauc
699 785 818 839 vocem,
839 787 913 840 quos
928 777 1115 842 preptereua
1141 765 1273 829 Lucieno
1288 774 1367 830 deri·

324 868 373 908 sos
394 868 458 908 esse
485 857 562 907 recte
585 847 736 906 adnotavit
757 845 796 908 L.
817 847 990 911 Diudorfius
1010 852 1042 908 iu
1064 849 1105 908 H.
1129 849 1273 928 Stephani
1292 855 1369 913 'iite-

322 951 412 991 scuro
441 934 491 990 Gr.
519 932 587 1006 disp.
617 929 748 1011 sodali·
778 952 806 1006 p.
838 939 929 992 1041.
954 932 1009 1007 0.,
1039 934 1107 993 vide
1127 931 1254 994 Luciuni
1276 941 1369 997 lact-

315 1016 412 1093 piton.
434 1017 463 1086 §-
485 1021 536 1072 ²1.
556 1024 585 1073 ct
604 1015 708 1074 rtsetor.
730 1025 937 1093 praeceptorem
959 1021 988 1088 5.
1013 1022 1062 1077 16.
1105 1016 1191 1097 Ques
1212 1040 1300 1093 quom
1325 1024 1368 1079 itu

321 1100 400 1172 siut,
429 1097 488 1154 iem
512 1096 567 1155 hoe
587 1097 655 1155 licet
676 1098 850 1157 contendere
870 1100 912 1157 itu
935 1098 1053 1158 differre
1076 1095 1250 1183 δήπουθεν
1269 1123 1288 1159 a
1309 1098 1368 1186 δή·

321 1201 401 1254 που,
430 1200 517 1261 quens
543 1179 580 1238 ud
606 1181 724 1239 modurn
751 1178 900 1261 dri-‘iev'e
922 1177 962 1262 dr>
988 1180 1094 1241 distere
1119 1182 1269 1260 videatur,
1294 1188 1367 1245 ,uisi

321 1263 400 1338 quod
421 1265 454 1321 iu
475 1262 651 1338 ecquidem
672 1265 815 1339 particule
838 1265 973 1326 diuturno
999 1286 1055 1325 uss
1074 1268 1166 1341 magis
1187 1267 1255 1343 itta,
1276 1290 1367 1343 quem

321 1347 404 1422 dixi,
425 1348 519 1406 irouis
538 1357 655 1406 exstare
669 1347 800 1421 ridetur,
821 1369 880 1422 qne
897 1346 936 1408 de
958 1369 991 1408 re
1009 1350 1196 1410 conferentur
1216 1371 1267 1428 ee,
1289 1372 1366 1427 quae

321 1428 459 1490 terrete
482 1431 626 1504 particule
647 1426 752 1513 δῆθεν
776 1431 918 1490 dicentur.

405 1509 548 1589 Sequitur
573 1522 605 1573 st
632 1513 760 1572 dicemus
789 1514 826 1573 de
854 1514 1005 1589 particulis
1034 1506 1075 1598 δή
1097 1535 1170 1591 τοι,
1204 1536 1278 1591 ques
1305 1537 1366 1575 sou

321 1596 419 1659 solum
440 1599 477 1655 eb
499 1598 591 1671 epicis
609 1600 723 1672 pestis,
749 1618 850 1658 rerum
870 1600 958 1657 etism
984 1600 1020 1655 sb
1044 1598 1152 1658 Atticis
1172 1602 1365 1673 scriptoribus

320 1679 401 1740 lssud
425 1700 490 1740 rere
518 1683 686 1740 coniunctos
707 1701 774 1740 esse
794 1682 936 1741 uidemus.
979 1680 1057 1741 Nuus
1078 1683 1156 1757 quod
1177 1680 1365 1759 Hertuugius

319 1764 345 1823 l.
366 1765 387 1822 i.
406 1764 467 1824 sol.
487 1761 529 1823 ΙΙ.
557 1787 586 1838 p.
608 1770 681 1823 ³63.
709 1768 751 1827 eit
779 1767 810 1823 is
835 1766 1002 1824 Atticorum
1029 1767 1142 1840 scriptis
1164 1765 1201 1824 eb
1225 1765 1272 1826 his
1297 1787 1365 1841 per-

323 1847 421 1907 ticulis
445 1869 481 1906 co
504 1850 598 1922 surgis
620 1846 781 1907 carendum
802 1869 883 1922 esse,
912 1848 991 1923 quod
1012 1848 1167 1921 aliquoties
1187 1869 1252 1907 cum
1272 1852 1365 1923 perti·

321 1928 396 1990 culis
423 1922 464 2013 δή
486 1950 519 1992 τι
541 1941 638 1991 esseut
660 1931 820 2005 contuse,
849 1932 880 1991 id
901 1951 1027 2005 quorsus
1050 1935 1210 2005 pertineret
1232 1934 1292 1990 iem
1313 1954 1366 1992 su·

269 2036 272 2041 ·
321 2034 376 2088 prs
397 2012 523 2072 vidimus
550 2035 580 2088 p.
604 2017 666 2073 422
681 2036 727 2091 sq.
778 2013 840 2074 Sed
869 2018 949 2091 prius
973 2034 1061 2088 quum
1082 2014 1205 2075 deictis
1229 2016 1298 2074 locis
1320 2019 1367 2075 ri-

320 2094 457 2171 demus,
484 2097 659 2171 explicesds
683 2101 751 2173 ipss
781 2101 826 2159 ris
850 2109 895 2159 est
914 2099 1032 2157 illerum
1054 2098 1268 2173 perticuisrusu.
1312 2098 1367 2157 Ae

320 2180 358 2240 de
384 2174 426 2263 δὴ
449 2179 575 2240 debituri
595 2201 657 2241 uun
684 2188 800 2257 potest,
829 2179 882 2245 τοὶ
902 2192 997 2241 sutem
1018 2183 1076 2241 isus
1101 2181 1255 2255 aliquoties
1285 2182 1365 2257 dixi,

319 2262 511 2324 derivandum
539 2264 635 2324 rideri
656 2286 675 2323 u
696 2267 870 2340 pronomine
891 2264 1045 2324 iudsfluito
1068 2258 1134 2339 τίς,
1158 2274 1188 2324 ut
1201 2264 1249 2337 id,
1272 2285 1364 2337 quom

319 2368 375 2423 pro
404 2346 502 2411 dstiro
532 2342 581 2431 τῲ
612 2350 740 2422 positum
766 2369 834 2408 esse
864 2358 1003 2423 sppsreet
1023 2344 1094 2421 τοί,
1121 2347 1364 2407 1116111116-

318 2430 440 2505 guiticet
460 2432 517 2489 uisi
539 2432 635 2507 ulique
656 2433 749 2505 otrodo,
774 2451 814 2491 ex
839 2453 897 2506 que
919 2452 989 2491 voce
1011 2451 1096 2505 quesu
1113 2430 1288 2490 admodum
1309 2451 1363 2489 ue·

318 2521 450 2576 secretos
466 2513 648 2573 adsereretio
669 2516 786 2589 ulique,
813 2514 844 2573 id
866 2519 963 2591 ipsum
986 2535 1046 2573 uou
1068 2515 1159 2575 semel
1184 2514 1363 2591 significari,

319 2594 411 2655 reiuti
434 2598 466 2655 is
487 2598 637 2671 particulis
659 2590 877 2674 diddpe'uws
899 2620 928 2673 p.
951 2604 1002 2657 60.
1025 2601 1056 2655 iu
1080 2588 1166 2659 citici
1189 2618 1242 2659 τοι
1258 2618 1289 2671 p.
1307 2603 1360 2658 68.

319 2676 494 2754 Siguiticeut
523 2681 615 2754 igitur
645 2682 804 2756 particulae
831 2674 871 2765 δή
899 2700 952 2744 τοι
981 2686 1040 2739 iaus
1071 2681 1166 2757 utiquo
1194 2678 1295 2753 sttedo,
1331 2690 1365 2738 ut

316 2760 391 2829 isser
411 2762 520 2819 etima
540 2782 620 2838 vox,
642 2785 697 2841 quo
720 2764 802 2823 otodo
824 2764 936 2838 aliquid
958 2766 1011 2837 sit,
1038 2765 1180 2821 incertum
1201 2762 1363 2835 relinquet,

319 2844 453 2903 sdflrruet
481 2854 580 2903 tsmcu
608 2845 644 2906 de
673 2868 729 2922 so,
760 2848 836 2921 quod
867 2866 969 2907 revers
998 2865 1062 2905 esse
1089 2846 1238 2917 videatur,
1273 2850 1363 2919 quusi

307 2925 427 2987 hotius
448 2926 540 2987 dicus:
562 2934 621 2988 ioris
640 2949 720 3003 suste,
746 2934 802 2987 ieron
827 2930 962 3005 profecte.
1004 2926 1049 2987 Eo
1070 2939 1166 2987 eutem
1187 2931 1282 2987 suiuus
1306 2929 1363 2987 du·

317 3011 406 3071 bituri
421 3021 516 3087 potest
533 3011 569 3072 de
590 3011 694 3071 henim
707 3014 913 3088 particularum
926 3015 1154 3086 consociatione,
1176 3009 1254 3085 quod
1270 3032 1365 3087 saepe

319 3096 405 3153 etisus
425 3115 589 3169 pronomen
615 3091 683 3170 τίς,
717 3094 794 3154 uude
815 3090 867 3157 τοὶ
890 3098 1035 3170 originem
1057 3094 1162 3168 hebet,
1192 3093 1366 3153 adiunctum

318 3188 364 3236 cst
385 3174 425 3261 δὴ
448 3179 606 3253 particulae
632 3179 711 3252 upud
731 3180 886 3252 scriptores
909 3177 1046 3251 Atticos,
1077 3196 1135 3250 que
1159 3175 1196 3234 de
1220 3196 1253 3235 rc
1271 3178 1364 3235 usodu

317 3260 498 3335 explicatum
516 3272 571 3321 est.
615 3258 690 3319 Loci
710 3272 807 3320 eutem
833 3264 903 3319 setis
924 3262 1008 3319 ruulti
1026 3260 1133 3319 adferri
1155 3268 1283 3334 possunt,
1307 3262 1364 3334 qui

318 3342 397 3402 huuc
416 3364 516 3403 eorum
538 3345 742 3418 particulorum
762 3364 848 3403 usum
869 3346 1013 3402 eriuceut.
1040 3341 1161 3406 ,Dicunt
1182 3344 1309 3416 primum
1324 3343 1365 3401 dc

317 3428 374 3501 tis,
401 3447 475 3500 quos
504 3432 591 3486 etism
612 3424 809 3502 Hertuugius‚
836 3428 883 3486 cui
909 3428 1004 3486 nescio
1026 3448 1085 3501 quo
1107 3424 1192 3484 suedo
1216 3444 1269 3484 ese
1292 3446 1363 3499 per-

317 3510 423 3569 ticulee
445 3520 598 3585 suspeetee
625 3521 711 3585 suut,
739 3519 831 3570 certos
855 3530 919 3569 esse
947 3511 1154 3585 pronuntiavit.
1197 3504 1275 3566 Nam
1300 3530 1363 3567 uon

316 3593 413 3653 solum
444 3595 477 3652 iu
509 3592 640 3653 Pistoris
667 3599 828 3669 Ptotupore
856 3590 933 3653 Purt.
959 3590 985 3652 Ι.
1014 3592 1073 3651 voi.
1094 3591 1120 3650 1.
1149 3612 1180 3665 p.
1210 3594 1279 3649 15⁴.
1314 3590 1361 3651 ed.

315 3672 418 3737 Beth.
439 3699 470 3751 p.
493 3684 564 3735 stt.
588 3676 623 3735 E.
646 3676 691 3736 ed.
713 3674 755 3735 H.
778 3674 891 3751 Steph„
911 3678 960 3735 ubi
982 3686 1137 3750 postquem
1154 3670 1293 3732 Socrates
1315 3673 1361 3731 di-

316 3760 379 3817 xits
417 3752 460 3821 Τί
479 3760 631 3823 τοιοῦτον
652 3755 732 3839 περὶ
749 3752 978 3842 Πρωταγόρου
996 3749 1179 3841 risuique,-
1202 3754 1363 3829 respondet

316 3838 527 3917 Hippocrates:
550 3837 720 3927 Σοφιστῆν
742 3834 782 3924 dq'
803 3862 857 3904 τοι
878 3832 1080 3918 ὀνομάζουσί
1100 3860 1151 3918 γε.
1174 3828 1201 3901 ὦ
1221 3831 1362 3922 Σώκρα-

317 3944 389 3999 τες,
420 3920 478 3985 τὸν
507 3913 612 4006 ἄνδρα
641 3914 753 3997 cirac,
782 3923 835 3983 sed
860 3926 949 3983 etism
976 3924 1009 3982 is
1030 3920 1214 3997 Thucydidis
1242 3920 1296 3979 liis.
1320 3918 1362 3978 11.

317 4014 382 4082 esp:
419 4008 470 4066 41.
513 4009 650 4066 couces'sit
683 4003 870 4081 Hertuugius
900 4016 978 4075 recte
1014 3998 1055 4087 δή
1097 4024 1150 4067 τοι
1182 4003 1257 4076 dici,
1302 4025 1365 4079 quc

134 4098 296 4164 Aireotstss
316 4091 351 4151 is
368 4088 435 4151 loco
455 4088 640 4166 Thucydidis
659 4088 734 4149 hsec
762 4090 911 4167 leguntur:
940 4083 1041 4151 Μετὰ
1057 4078 1209 4166 μεγάλων
1236 4081 1277 4167 dr)
1304 4106 1366 4167 eq-

135 4181 290 4235 mesu.
316 4165 498 4250 predecessori
525 4164 566 4235 οὐ
595 4167 635 4255 δή
657 4193 710 4234 ros
733 4162 924 4256 ἀμάρτυρόν
944 4190 980 4251 γε
1001 4166 1058 4253 τὴν
1080 4160 1217 4243 δύναμιν
1247 4188 1368 4250 παρα-

318 4245 479 4331 σχόμοναν
490 4256 562 4330 τοῖς
577 4274 614 4319 rs
641 4254 697 4317 eir
720 4249 869 4332 καὶτοῖς
893 4246 1011 4319 ἔπειτα
1031 4242 1370 4331 θαυμασθησόμεθα
