2850 4842
538 499 600 589 δή·
983 553 986 558 -
1026 504 1089 573 tet

38 672 129 747 κτὲ..
159 676 266 750 quibus
289 677 319 732 in
341 674 413 733 locis
441 684 562 748 apparet
588 663 630 757 δή
649 692 703 735 τοι
724 676 765 734 lta
789 672 864 749 dici,
889 686 921 737 at
943 676 1007 736 lere
1030 674 1091 735 La·

38 765 114 821 tinis
151 758 300 834 particulis
320 763 380 833 iam
401 758 525 834 profecto
546 755 733 831 respondeat.
775 754 858 817 llaec
879 758 979 819 eadem
1001 762 1091 835 parti·

36 846 177 904 cularum
202 842 395 917 significatio,
427 860 515 915 qnam
544 841 632 915 plane
650 840 813 901 naturalem
838 862 904 901 esse
928 842 975 901 his
1000 847 1090 919 parti·

39 930 118 988 culis
147 925 291 994 vidimus,
319 945 407 998 quom
429 926 518 984 etiam
537 927 641 983 ceteris
661 925 749 999 locis,
775 928 806 984 in
828 926 933 1001 quibus
954 925 1087 987 Hartuu·

38 1016 109 1087 gius
126 1010 292 1084 repudiavit
302 1019 485 1081 optumoram
497 1005 636 1066 lilirorum
644 1010 829 1084 scripturam,
850 1012 969 1085 egregie
981 1031 1087 1072 conve·

38 1099 125 1167 niet,
148 1092 220 1166 quid
244 1099 434 1165 capsacem,
458 1091 746 1151 eor'indoetottamm
765 1094 941 1167 particulas?
984 1092 1030 1153 llt
1052 1097 1096 1153 in·

39 1179 179 1238 Platonis
191 1176 308 1249 quidem
319 1176 448 1233 Plcuadru
457 1174 533 1234 l'srt.
546 1174 570 1233 Ι.
585 1175 645 1233 rol.
660 1173 684 1233 1.
700 1196 731 1250 p.
746 1181 797 1237 32.
807 1176 853 1235 ed.
866 1175 964 1236 Bell.
973 1200 1002 1253 p.
1011 1182 1086 1243 242.

40 1260 77 1320 G.
110 1260 160 1318 ed.
190 1256 232 1317 Η.
260 1257 364 1332 Steplr.
392 1257 461 1317 lilrri
489 1258 617 1332 plurumi
645 1257 866 1337 commendant,
891 1274 978 1335 qnam
1000 1260 1085 1321 lmm.

40 1342 205 1403 Bellerns
225 1344 372 1416 reposuit,
393 1345 564 1414 scripturam
587 1340 677 1400 lianc:
701 1342 826 1427 Σαφῶς
846 1332 904 1406 οὖν
922 1334 985 1427 ἤᾶη
1002 1364 1086 1417 μαν-

39 1421 143 1489 θάνω
165 1421 205 1488 τὸ
225 1418 415 1526 ἁμάρτημα.
441 1418 487 1499 ὡς
508 1420 550 1509 dp'
574 1444 646 1499 τοι,
673 1414 701 1486 ὦ
723 1418 850 1508 ἑταῖρε,
871 1420 1030 1503 μαντικόν
1048 1423 1086 1509 γέ

41 1531 76 1573 τι
99 1504 158 1572 καὶ
179 1500 200 1590 ἡ
223 1516 339 1592 propp„
368 1510 474 1581 quibus
501 1510 533 1567 in
554 1510 651 1597 verbis
672 1527 713 1567 ex
731 1509 783 1583 iis,
804 1530 881 1583 quse
901 1510 1085 1584 antecedam,

41 1593 135 1668 plens
164 1600 304 1666 apparet,
332 1592 430 1666 illam,
459 1610 536 1666 qnae
565 1595 711 1666 sequitur,
740 1612 844 1655 vocem
875 1603 951 1653 recte
979 1596 1084 1669 inferri

41 1696 99 1750 per
124 1674 280 1749 particulas
302 1666 342 1757 δή
363 1695 436 1751 τοι,
465 1674 496 1733 id
520 1685 580 1750 est,
596 1673 664 1734 ¹ium
685 1676 821 1752 profecto.
863 1675 976 1753 Eodem
998 1678 1084 1736 modo

42 1780 91 1818 res
118 1778 154 1817 se
184 1756 272 1816 halet
298 1760 331 1816 in
356 1757 449 1816 altero
475 1759 556 1832 loco,
583 1760 636 1833 qui
662 1758 773 1835 legitur
796 1762 828 1817 in
852 1756 984 1821 Platonis
1010 1763 1087 1820 libro

44 1840 175 1901 secundo
199 1842 234 1899 ds
252 1861 283 1899 re
302 1841 416 1917 publico
438 1839 519 1900 l'art.
536 1838 591 1900 lll.
613 1841 675 1900 vol.
695 1838 723 1899 Ι.
748 1864 777 1915 p.
791 1846 843 1901 74.
864 1842 910 1903 ad.
933 1842 1033 1905 Belk-
1055 1867 1086 1920 p.
1174 1921 1180 1929 .

44 1930 116 1984 3⁶6.
138 1922 173 1985 G.
199 1924 245 1983 ed.
268 1922 310 1982 Η.
324 1922 425 1999 Steplt.
447 1926 480 1984 iu
495 1928 623 2000 optumis
643 1925 727 1983 libris
743 1928 867 2001 scriptus
882 1928 915 1985 in
933 1926 1011 1987 lrnnc
1023 1948 1087 1987 mo·
1294 2004 1298 2010 ι

42 2009 126 2067 dom:
144 2000 207 2082 Ὡς
227 2000 268 2090 dq'
292 2027 358 2077 τοι,
381 1999 417 2069 ci‘
433 2026 485 2081 τις
506 2001 572 2085 ἔχει
593 2006 705 2091 ψευδῆ
722 2004 783 2107 pir
804 2001 980 2095 ἀποφῆναι
1000 2003 1022 2073 li
1040 2005 1089 2075 ci·
1197 2038 1200 2070 ;

44 2085 209 2175 priscam,
244 2084 366 2163 ἱκανῶς
387 2079 420 2151 d'
455 2082 607 2170 ἔγνωκεν,
637 2085 692 2153 ὅτι
721 2082 858 2172 ἄριστον
883 2088 1087 2177 δικαιοσύνη,

44 2167 171 2256 πολλήν
204 2194 276 2235 που
308 2165 497 2253 συγγνώμην
529 2164 597 2249 ἔχει
625 2169 681 2233 καὶ
714 2166 775 2235 οὐκ
816 2164 982 2257 ὀργίζεται
1015 2178 1089 2251 τοῖς

47 2247 190 2330 ἀδίκοις,
222 2243 292 2316 ἀλλ’
316 2244 422 2322 older,
444 2248 499 2315 liet
517 2247 600 2328 πετὲ,
622 2275 681 2328 quo
701 2256 733 2312 in
755 2255 820 2314 loco
843 2278 961 2331 prorsus
982 2258 1088 2319 adsen-

47 2341 103 2396 tior
123 2336 156 2400 C.
181 2336 222 2395 Ε.
247 2334 318 2395 Gur.
339 2334 540 2411 Schneidaro,
559 2338 617 2395 nisi
639 2337 718 2410 qnod
739 2338 980 2400 exclamationem
999 2344 1030 2401 in
1051 2362 1088 2402 eo

46 2420 108 2478 locc
133 2423 358 2497 negavimus,
389 2438 465 2493 qnae
488 2440 561 2480 saue
581 2421 709 2481 subiecta
732 2419 801 2479 hnic
819 2424 884 2483 voci
906 2434 970 2499 aet,
999 2428 1088 2496 etiam

48 2508 71 2561 si
92 2506 220 2579 denique
250 2502 327 2561 nilril
352 2502 432 2560 aliud
454 2523 489 2561 ea
510 2503 633 2561 efficitur
657 2506 716 2564 nisi
738 2504 840 2567 modus
863 2508 980 2581 quidam
1003 2510 1088 2569 adse·

48 2590 219 2657 vacationis,
245 2598 381 2659 recteque
401 2584 478 2644 idem
500 2584 698 2646 Schneiderns
717 2590 805 2647 etiam
825 2591 857 2647 in
877 2588 1011 2650 Platonis
1035 2596 1089 2650 il-

49 2689 126 2728 mneo
150 2670 230 2729 Part.
252 2667 308 2728 ΙΙΙ.
329 2665 389 2728 vol.
410 2667 451 2727 ll.
474 2690 504 2743 p.
530 2675 579 2727 19.
601 2670 647 2727 ed.
669 2668 766 2729 Bekk.
787 2691 818 2747 p.
841 2678 892 2731 26.
915 2671 953 2731 Β.
976 2674 1023 2733 ed.
1046 2672 1086 2734 tl.

48 2748 151 2823 Steph.
172 2756 292 2827 agnovit
315 2752 469 2827 particulas
491 2745 532 2835 δή
555 2773 609 2815 τοι
628 2774 693 2811 cnm
715 2756 818 2813 ceteris
833 2756 1001 2830 editoribus,
1027 2779 1086 2832 qno
1155 2772 1159 2779 '

49 2836 79 2889 in
100 2834 163 2890 loco
193 2846 292 2893 tamen
317 2837 382 2909 ips'o
408 2856 527 2909 quoqne
549 2836 737 2911 exclamatio,
768 2857 843 2911 quae
871 2843 1036 2899 continetur
1053 2844 1087 2901 in

49 2917 189 2987 porticale
212 2912 275 2992 ὡς,
304 2922 376 2978 satis
407 2927 537 2993 apparet.
585 2918 683 2994 Quom
713 2922 793 2978 enim
818 2922 859 2979 ibi
880 2920 936 2980 lroc
957 2925 1084 2985 dicaturr

43 2988 101 3071 Ὡς
129 2994 170 3084 dq'
195 3022 264 3072 cos,
290 2995 541 3081 τὸλεγόμενον,
571 2999 612 3060 τὰ
640 2996 772 3063 παίδων
790 2997 979 3086 μαθήματα
997 3010 1086 3069 θαυ-

50 3078 173 3156 μαστὸν
196 3077 263 3161 ἔχει
288 3105 322 3144 τι
341 3087 529 3164 μνημεῖον..
558 3084 672 3141 ridetur
689 3092 767 3141 recta
789 3084 897 3143 fecisse
918 3084 1087 3162 Belkems,

52 3164 127 3234 qnod
153 3187 204 3238 pro
230 3167 447 3225 exclamatione
466 3164 567 3224 lrabnit
590 3164 663 3224 haec
684 3167 789 3240 rerba,
820 3186 895 3240 qnae
918 3173 1086 3230 rectissume

51 3246 171 3305 infertur
203 3248 259 3310 lroc
286 3270 401 3324 qnoque
429 3249 493 3316 loco
527 3270 581 3323 per
613 3268 662 3308 ess
693 3250 860 3323 particulas.
902 3248 979 3311 Nam
998 3275 1086 3327 quom

52 3346 102 3401 ευ,
131 3352 204 3404 quae
223 3331 402 3409 praecedunt
426 3335 532 3407 rerba,
562 3352 662 3391 caussa
692 3331 781 3391 liuius
808 3334 971 3395 mirationis
1000 3335 1086 3395 cxlii·

51 3410 153 3486 beant,
184 3426 263 3475 recte
292 3437 347 3491 per
377 3436 429 3475 ens
461 3416 614 3490 particulas
646 3416 782 3475 iubemur
811 3419 955 3490 reopicera
977 3420 1013 3477 ad
1033 3419 1086 3477 illa

51 3494 146 3551 Verba·
188 3496 265 3558 Nam
287 3502 341 3558 etsi
360 3520 408 3559 res
426 3502 490 3557 eius
508 3498 588 3557 modi
610 3509 670 3573 cst,
691 3506 724 3557 nt
742 3518 922 3559 commanem
939 3502 1002 3562 lere
1020 3522 1087 3561 sen-

53 3578 169 3635 tentiam
199 3584 249 3639 illa
271 3602 333 3640 vox
355 3584 513 3641 ‘continere
535 3583 684 3656 rideatur,
717 3592 814 3641 tamen
848 3602 966 3660 mussa,
999 3604 1087 3659 qnam

53 3658 89 3713 ob
117 3680 175 3718 rem
208 3662 257 3724 liic
282 3664 378 3739 posite
399 3668 436 3725 sit
464 3685 498 3726 ea
527 3666 688 3740 sententia,
721 3668 884 3725 continetur
909 3670 940 3725 in
971 3679 1087 3728 antece·

53 3738 202 3817 deminae,
220 3750 321 3823 itaqua
342 3751 428 3822 quasi
447 3770 526 3807 ncnc
545 3749 660 3808 demum
679 3745 736 3807 looc
755 3753 924 3824 cognoverit
943 3762 993 3810 ant
1009 3746 1088 3811 c'crts

54 3822 235 3887 confirmatus
245 3823 326 3890 sitin
342 3832 394 3889 ills
411 3834 559 3907 opinione,
582 3840 745 3907 opportune
759 3834 810 3893 ille
824 3834 916 3893 dixit:
941 3839 1006 3894 lom
1018 3854 1088 3912 pro-

52 3902 134 3972 recto.
176 3909 250 3985 Quis
277 3926 366 3990 negat
386 3918 493 3991 igitur,
522 3936 611 3990 quom
632 3908 770 3975 librorum
792 3921 947 3977 auctoritas
968 3920 1089 3993 egregie

55 3985 205 4048 adiuvetur
231 3995 267 4054 ab
298 4000 362 4073 ipsa
381 3998 450 4073 illa,
483 4018 559 4075 qnae
583 4001 758 4073 requiritur,
790 4004 955 4071 sententia,
985 4002 1034 4060 liis
1056 4003 1088 4059 iu

54 4064 127 4207 ¹⁰⁰3
151 4082 227 4216 τὰς
251 4085 392 4155 repositas
425 4102 490 4142 essa
524 4102 542 4140 a
576 4085 684 4142 criticis
714 4084 929 4159 circumspectis
966 4077 1005 4167 δή
1035 4100 1089 4147 τοι

54 4168 90 4219 ps
118 4173 208 4215 rcnoe

135 4232 173 4293 Et
202 4241 239 4300 de
264 4248 477 4324 consociatione
505 4239 545 4329 dr}
569 4245 727 4321 particulae
755 4266 820 4305 com
848 4248 912 4306 aliis
940 4246 1086 4321 perticalis
1121 4241 1164 4313 Avi
1178 4248 1257 4313 pont·

55 4306 125 4427 luto
145 4320 221 4381 dicte
241 4339 337 4387 enam
379 4328 456 4390 llam
478 4333 663 4390 nuncetiam
677 4328 915 4392 decollocatione
929 4331 1087 4407 parricidas
1104 4318 1274 4433 ⁰⁸¹3&
