<?xml version="1.0" encoding="UTF-8"?>
<!DOCTYPE html PUBLIC "-//W3C//DTD XHTML 1.0 Transitional//EN"
    "http://www.w3.org/TR/xhtml1/DTD/xhtml1-transitional.dtd">
<html xmlns="http://www.w3.org/1999/xhtml" xml:lang="en" lang="en">
 <head>
  <title>
</title>
<meta http-equiv="Content-Type" content="text/html;charset=utf-8" />
  <meta name='ocr-system' content='tesseract 3.04.00' />
  <meta name='ocr-capabilities' content='ocr_page ocr_carea ocr_par ocr_line ocrx_word'/>
</head>
<body>
  <div class='ocr_page' id='page_1' title='image "./matthaeidevarii00unkngoog_1005.png"; bbox 0 0 2850 4842; ppageno 0'>
   <div class='ocr_carea' id='block_1_1' title="bbox 545 523 1115 611">
    <p class='ocr_par' dir='ltr' id='par_1_1' title="bbox 545 523 1115 611">
     <span class='ocr_line' id='line_1_1' title="bbox 545 523 1115 611; baseline -0.016 0"><span class='ocrx_word' id='word_1_1' title='bbox 545 523 636 611; x_wconf 72' lang='lat' dir='ltr'>ptr.</span> <span class='ocrx_word' id='word_1_2' title='bbox 1050 529 1115 603; x_wconf 76' lang='lat' dir='ltr'>cot</span> 
     </span>
    </p>
   </div>
   <div class='ocr_carea' id='block_1_2' title="bbox 76 694 1119 1114">
    <p class='ocr_par' dir='ltr' id='par_1_2' title="bbox 76 694 1119 1114">
     <span class='ocr_line' id='line_1_2' title="bbox 76 694 1116 785; baseline -0.007 -25"><span class='ocrx_word' id='word_1_3' title='bbox 76 696 133 777; x_wconf 81' lang='lat' dir='ltr'>plo</span> <span class='ocrx_word' id='word_1_4' title='bbox 161 696 361 777; x_wconf 79' lang='lat' dir='ltr'>grammaticus</span> <span class='ocrx_word' id='word_1_5' title='bbox 390 699 474 773; x_wconf 78' lang='lat' dir='ltr'>quasi</span> <span class='ocrx_word' id='word_1_6' title='bbox 501 716 588 757; x_wconf 86' lang='lat' dir='ltr'>onam</span> <span class='ocrx_word' id='word_1_7' title='bbox 612 695 783 772; x_wconf 84' lang='lat' dir='ltr'>particulam</span> <span class='ocrx_word' id='word_1_8' title='bbox 805 694 952 785; x_wconf 74' lang='grc' dir='ltr'><em>μὲνγὰρ</em></span> <span class='ocrx_word' id='word_1_9' title='bbox 972 721 1040 763; x_wconf 83' lang='lat' dir='ltr'>esse</span> <span class='ocrx_word' id='word_1_10' title='bbox 1060 725 1116 780; x_wconf 79' lang='lat' dir='ltr'>pu.</span> 
     </span>
     <span class='ocr_line' id='line_1_3' title="bbox 79 776 1118 867; baseline 0.007 -25"><span class='ocrx_word' id='word_1_11' title='bbox 79 786 219 859; x_wconf 89' lang='lat' dir='ltr'>tavit,-in</span> <span class='ocrx_word' id='word_1_12' title='bbox 241 786 303 843; x_wconf 85' lang='lat' dir='ltr'>eiua</span> <span class='ocrx_word' id='word_1_13' title='bbox 326 782 404 843; x_wconf 90' lang='lat' dir='ltr'>modi</span> <span class='ocrx_word' id='word_1_14' title='bbox 421 784 590 859; x_wconf 80' lang='lat' dir='ltr'>sententiis,</span> <span class='ocrx_word' id='word_1_15' title='bbox 611 782 728 857; x_wconf 81' lang='lat' dir='ltr'>qualem</span> <span class='ocrx_word' id='word_1_16' title='bbox 748 783 840 842; x_wconf 80' lang='lat' dir='ltr'>finxit</span> <span class='ocrx_word' id='word_1_17' title='bbox 857 785 940 858; x_wconf 72' lang='lat' dir='ltr'>ipses</span> <span class='ocrx_word' id='word_1_18' title='bbox 957 776 1039 867; x_wconf 78' lang='grc' dir='ltr'>Ἐγὼ</span> <span class='ocrx_word' id='word_1_19' title='bbox 1057 785 1118 861; x_wconf 71' lang='grc' dir='ltr'>μὲν</span> 
     </span>
     <span class='ocr_line' id='line_1_4' title="bbox 78 860 1119 951; baseline 0.003 -22"><span class='ocrx_word' id='word_1_20' title='bbox 78 864 133 929; x_wconf 79' lang='grc' dir='ltr'>καὶ</span> <span class='ocrx_word' id='word_1_21' title='bbox 160 862 338 941; x_wconf 70' lang='grc' dir='ltr'><strong><em>Διονύσιος</em></strong></span> <span class='ocrx_word' id='word_1_22' title='bbox 366 860 594 943; x_wconf 74' lang='grc' dir='ltr'><strong><em>ἐδειπνοῦμεν,</em></strong></span> <span class='ocrx_word' id='word_1_23' title='bbox 622 862 665 929; x_wconf 78' lang='grc' dir='ltr'>σὺ</span> <span class='ocrx_word' id='word_1_24' title='bbox 684 862 746 944; x_wconf 78' lang='grc' dir='ltr'>μὲν</span> <span class='ocrx_word' id='word_1_25' title='bbox 766 863 831 949; x_wconf 74' lang='grc' dir='ltr'>γὰρ</span> <span class='ocrx_word' id='word_1_26' title='bbox 852 860 894 930; x_wconf 80' lang='grc' dir='ltr'>οὗ</span> <span class='ocrx_word' id='word_1_27' title='bbox 915 867 1119 951; x_wconf 75' lang='grc' dir='ltr'><em>παρεγένου,</em></span> 
     </span>
     <span class='ocr_line' id='line_1_5' title="bbox 77 949 1119 1028; baseline 0.005 -19"><span class='ocrx_word' id='word_1_28' title='bbox 77 952 143 1010; x_wconf 86' lang='lat' dir='ltr'>vide</span> <span class='ocrx_word' id='word_1_29' title='bbox 173 951 366 1025; x_wconf 86' lang='lat' dir='ltr'>Apollonium</span> <span class='ocrx_word' id='word_1_30' title='bbox 392 949 487 1010; x_wconf 85' lang='lat' dir='ltr'>Alex.</span> <span class='ocrx_word' id='word_1_31' title='bbox 514 951 548 1008; x_wconf 85' lang='lat' dir='ltr'>do</span> <span class='ocrx_word' id='word_1_32' title='bbox 571 954 642 1009; x_wconf 77' lang='lat' dir='ltr'>corti.</span> <span class='ocrx_word' id='word_1_33' title='bbox 663 967 695 1024; x_wconf 84' lang='lat' dir='ltr'>p.</span> <span class='ocrx_word' id='word_1_34' title='bbox 718 954 780 1014; x_wconf 80' lang='lat'>507</span> <span class='ocrx_word' id='word_1_35' title='bbox 801 973 846 1025; x_wconf 83' lang='lat' dir='ltr'>sq.</span> <span class='ocrx_word' id='word_1_36' title='bbox 870 958 899 1011; x_wconf 88' lang='lat' dir='ltr'>at</span> <span class='ocrx_word' id='word_1_37' title='bbox 919 970 997 1028; x_wconf 75' lang='lat' dir='ltr'>qnae</span> <span class='ocrx_word' id='word_1_38' title='bbox 1015 957 1119 1014; x_wconf 82' lang='lat' dir='ltr'>rectia·</span> 
     </span>
     <span class='ocr_line' id='line_1_6' title="bbox 79 1029 1004 1114; baseline 0.001 -19"><span class='ocrx_word' id='word_1_39' title='bbox 79 1054 160 1095; x_wconf 85' lang='lat' dir='ltr'>sume</span> <span class='ocrx_word' id='word_1_40' title='bbox 184 1034 220 1094; x_wconf 86' lang='lat' dir='ltr'>da</span> <span class='ocrx_word' id='word_1_41' title='bbox 243 1054 277 1093; x_wconf 89' lang='lat' dir='ltr'>ea</span> <span class='ocrx_word' id='word_1_42' title='bbox 298 1048 331 1093; x_wconf 85' lang='lat' dir='ltr'>&#39;re</span> <span class='ocrx_word' id='word_1_43' title='bbox 352 1034 512 1109; x_wconf 79' lang='lat' dir='ltr'>explicavit</span> <span class='ocrx_word' id='word_1_44' title='bbox 532 1029 716 1107; x_wconf 73' lang='lat' dir='ltr'>Hortangina</span> <span class='ocrx_word' id='word_1_45' title='bbox 735 1035 795 1114; x_wconf 81' lang='lat' dir='ltr'>vol.</span> <span class='ocrx_word' id='word_1_46' title='bbox 817 1033 857 1094; x_wconf 88' lang='lat' dir='ltr'>ll.</span> <span class='ocrx_word' id='word_1_47' title='bbox 879 1058 909 1112; x_wconf 92' lang='lat' dir='ltr'>p.</span> <span class='ocrx_word' id='word_1_48' title='bbox 931 1039 1004 1096; x_wconf 76' lang='lat'>414.</span> 
     </span>
    </p>
   </div>
   <div class='ocr_carea' id='block_1_3' title="bbox 68 1126 1281 2229">
    <p class='ocr_par' dir='ltr' id='par_1_3' title="bbox 73 1126 1279 1628">
     <span class='ocr_line' id='line_1_7' title="bbox 159 1126 1279 1216; baseline 0.004 -23"><span class='ocrx_word' id='word_1_49' title='bbox 159 1133 269 1211; x_wconf 79' lang='lat' dir='ltr'>Aptius</span> <span class='ocrx_word' id='word_1_50' title='bbox 296 1155 447 1194; x_wconf 85' lang='lat' dir='ltr'>connexae</span> <span class='ocrx_word' id='word_1_51' title='bbox 467 1132 603 1193; x_wconf 85' lang='lat' dir='ltr'>videntur</span> <span class='ocrx_word' id='word_1_52' title='bbox 622 1126 682 1212; x_wconf 79' lang='grc' dir='ltr'>μέν</span> <span class='ocrx_word' id='word_1_53' title='bbox 702 1153 740 1214; x_wconf 78' lang='lat' dir='ltr'>yc</span> <span class='ocrx_word' id='word_1_54' title='bbox 760 1135 935 1213; x_wconf 72' lang='lat' dir='ltr'>particulae,</span> <span class='ocrx_word' id='word_1_55' title='bbox 958 1134 1118 1212; x_wconf 74' lang='lat' dir='ltr'>quaesere</span> <span class='ocrx_word' id='word_1_56' title='bbox 1149 1140 1217 1198; x_wconf 75' lang='grc' dir='ltr'>Μέν</span> <span class='ocrx_word' id='word_1_57' title='bbox 1234 1159 1279 1216; x_wconf 73' lang='grc' dir='ltr'>γε.</span> 
     </span>
     <span class='ocr_line' id='line_1_8' title="bbox 75 1216 1119 1300; baseline 0.005 -25"><span class='ocrx_word' id='word_1_58' title='bbox 75 1216 193 1279; x_wconf 88' lang='lat' dir='ltr'>Latinis</span> <span class='ocrx_word' id='word_1_59' title='bbox 222 1220 368 1294; x_wconf 85' lang='lat' dir='ltr'>particulis</span> <span class='ocrx_word' id='word_1_60' title='bbox 391 1226 463 1277; x_wconf 82' lang='lat' dir='ltr'>corto</span> <span class='ocrx_word' id='word_1_61' title='bbox 483 1216 594 1295; x_wconf 75' lang='lat' dir='ltr'>paridem</span> <span class='ocrx_word' id='word_1_62' title='bbox 614 1217 810 1294; x_wconf 81' lang='lat' dir='ltr'>respondent,</span> <span class='ocrx_word' id='word_1_63' title='bbox 833 1227 867 1277; x_wconf 89' lang='lat' dir='ltr'>ut</span> <span class='ocrx_word' id='word_1_64' title='bbox 887 1216 924 1300; x_wconf 69' lang='grc' dir='ltr'>γὲ</span> <span class='ocrx_word' id='word_1_65' title='bbox 941 1220 1119 1299; x_wconf 85' lang='lat' dir='ltr'>adpraece-</span> 
     </span>
     <span class='ocr_line' id='line_1_9' title="bbox 76 1298 1121 1378; baseline 0.004 -19"><span class='ocrx_word' id='word_1_66' title='bbox 76 1303 172 1360; x_wconf 74' lang='lat' dir='ltr'>olentia</span> <span class='ocrx_word' id='word_1_67' title='bbox 197 1303 426 1363; x_wconf 81' lang='lat' dir='ltr'>confirmationis</span> <span class='ocrx_word' id='word_1_68' title='bbox 453 1320 555 1360; x_wconf 80' lang='lat' dir='ltr'>canora</span> <span class='ocrx_word' id='word_1_69' title='bbox 580 1298 744 1376; x_wconf 79' lang='lat' dir='ltr'>reseratur,</span> <span class='ocrx_word' id='word_1_70' title='bbox 776 1298 837 1378; x_wconf 80' lang='grc' dir='ltr'>μὲν</span> <span class='ocrx_word' id='word_1_71' title='bbox 861 1309 956 1360; x_wconf 84' lang='lat' dir='ltr'>autern</span> <span class='ocrx_word' id='word_1_72' title='bbox 982 1305 1019 1363; x_wconf 91' lang='lat' dir='ltr'>ad</span> <span class='ocrx_word' id='word_1_73' title='bbox 1044 1304 1121 1363; x_wconf 91' lang='lat' dir='ltr'>illud</span> 
     </span>
     <span class='ocr_line' id='line_1_10' title="bbox 74 1382 1122 1461; baseline 0.005 -18"><span class='ocrx_word' id='word_1_74' title='bbox 74 1388 187 1460; x_wconf 84' lang='lat' dir='ltr'>ipsum,</span> <span class='ocrx_word' id='word_1_75' title='bbox 215 1386 251 1445; x_wconf 80' lang='lat' dir='ltr'>dc</span> <span class='ocrx_word' id='word_1_76' title='bbox 278 1404 336 1460; x_wconf 81' lang='lat' dir='ltr'>quo</span> <span class='ocrx_word' id='word_1_77' title='bbox 361 1403 456 1446; x_wconf 79' lang='lat' dir='ltr'>senno</span> <span class='ocrx_word' id='word_1_78' title='bbox 478 1394 539 1461; x_wconf 86' lang='lat' dir='ltr'>cst,</span> <span class='ocrx_word' id='word_1_79' title='bbox 562 1392 695 1460; x_wconf 80' lang='lat' dir='ltr'>spectet,</span> <span class='ocrx_word' id='word_1_80' title='bbox 723 1394 756 1443; x_wconf 86' lang='lat' dir='ltr'>at</span> <span class='ocrx_word' id='word_1_81' title='bbox 778 1382 817 1445; x_wconf 76' lang='lat' dir='ltr'>G.</span> <span class='ocrx_word' id='word_1_82' title='bbox 845 1382 1012 1447; x_wconf 79' lang='lat' dir='ltr'>Her-manni</span> <span class='ocrx_word' id='word_1_83' title='bbox 1031 1390 1122 1448; x_wconf 84' lang='lat' dir='ltr'>verba</span> 
     </span>
     <span class='ocr_line' id='line_1_11' title="bbox 74 1466 1121 1549; baseline 0.005 -22"><span class='ocrx_word' id='word_1_84' title='bbox 74 1470 113 1527; x_wconf 90' lang='lat' dir='ltr'>ad</span> <span class='ocrx_word' id='word_1_85' title='bbox 148 1474 279 1544; x_wconf 69' lang='lat' dir='ltr'>viperam</span> <span class='ocrx_word' id='word_1_86' title='bbox 309 1486 342 1545; x_wconf 87' lang='lat' dir='ltr'>p.</span> <span class='ocrx_word' id='word_1_87' title='bbox 374 1475 447 1543; x_wconf 79' lang='grc'><strong>827.</strong></span> <span class='ocrx_word' id='word_1_88' title='bbox 478 1486 545 1528; x_wconf 82' lang='lat' dir='ltr'>mee</span> <span class='ocrx_word' id='word_1_89' title='bbox 573 1469 691 1527; x_wconf 76' lang='lat' dir='ltr'>daciam.</span> <span class='ocrx_word' id='word_1_90' title='bbox 743 1466 820 1528; x_wconf 89' lang='lat' dir='ltr'>Rem</span> <span class='ocrx_word' id='word_1_91' title='bbox 849 1471 1002 1531; x_wconf 76' lang='lat' dir='ltr'>enucleavi</span> <span class='ocrx_word' id='word_1_92' title='bbox 1033 1478 1121 1549; x_wconf 80' lang='lat' dir='ltr'>atquo</span> 
     </span>
     <span class='ocr_line' id='line_1_12' title="bbox 73 1552 910 1628; baseline -0.001 -15"><span class='ocrx_word' id='word_1_93' title='bbox 73 1556 219 1628; x_wconf 85' lang='lat' dir='ltr'>exemplis</span> <span class='ocrx_word' id='word_1_94' title='bbox 241 1556 312 1613; x_wconf 84' lang='lat' dir='ltr'>satis</span> <span class='ocrx_word' id='word_1_95' title='bbox 334 1554 433 1614; x_wconf 82' lang='lat' dir='ltr'>multis</span> <span class='ocrx_word' id='word_1_96' title='bbox 453 1552 597 1611; x_wconf 79' lang='lat' dir='ltr'>declaravi</span> <span class='ocrx_word' id='word_1_97' title='bbox 619 1572 708 1626; x_wconf 81' lang='lat' dir='ltr'>supra</span> <span class='ocrx_word' id='word_1_98' title='bbox 729 1573 759 1628; x_wconf 88' lang='lat' dir='ltr'>p.</span> <span class='ocrx_word' id='word_1_99' title='bbox 782 1553 843 1612; x_wconf 72' lang='lat'>³35</span> <span class='ocrx_word' id='word_1_100' title='bbox 865 1575 910 1628; x_wconf 86' lang='lat' dir='ltr'>sq.</span> 
     </span>
    </p>

    <p class='ocr_par' dir='ltr' id='par_1_4' title="bbox 68 1647 1281 2229">
     <span class='ocr_line' id='line_1_13' title="bbox 158 1647 1281 1735; baseline 0.004 -24"><span class='ocrx_word' id='word_1_101' title='bbox 158 1653 207 1713; x_wconf 87' lang='lat' dir='ltr'>De</span> <span class='ocrx_word' id='word_1_102' title='bbox 234 1652 385 1728; x_wconf 87' lang='lat' dir='ltr'>particulis</span> <span class='ocrx_word' id='word_1_103' title='bbox 410 1648 471 1730; x_wconf 80' lang='grc' dir='ltr'>μὲν</span> <span class='ocrx_word' id='word_1_104' title='bbox 492 1647 533 1735; x_wconf 71' lang='grc' dir='ltr'>δὴ</span> <span class='ocrx_word' id='word_1_105' title='bbox 555 1654 616 1711; x_wconf 85' lang='lat' dir='ltr'>iam</span> <span class='ocrx_word' id='word_1_106' title='bbox 636 1652 798 1726; x_wconf 78' lang='lat' dir='ltr'>aliquoties,</span> <span class='ocrx_word' id='word_1_107' title='bbox 814 1652 928 1712; x_wconf 85' lang='lat' dir='ltr'>dicandi</span> <span class='ocrx_word' id='word_1_108' title='bbox 949 1648 1028 1714; x_wconf 82' lang='lat' dir='ltr'>locus</span> <span class='ocrx_word' id='word_1_109' title='bbox 1050 1652 1120 1731; x_wconf 73' lang='lat' dir='ltr'>fuit,</span> <span class='ocrx_word' id='word_1_110' title='bbox 1157 1649 1281 1731; x_wconf 71' lang='lat' dir='ltr'>erdtl.</span> 
     </span>
     <span class='ocr_line' id='line_1_14' title="bbox 71 1738 1118 1812; baseline 0.004 -17"><span class='ocrx_word' id='word_1_111' title='bbox 71 1757 102 1812; x_wconf 86' lang='lat' dir='ltr'>p.</span> <span class='ocrx_word' id='word_1_112' title='bbox 128 1738 168 1797; x_wconf 81' lang='lat'>58</span> <span class='ocrx_word' id='word_1_113' title='bbox 192 1758 238 1811; x_wconf 74' lang='lat' dir='ltr'>sq.</span> <span class='ocrx_word' id='word_1_114' title='bbox 267 1758 299 1810; x_wconf 90' lang='lat' dir='ltr'>p.</span> <span class='ocrx_word' id='word_1_115' title='bbox 318 1741 377 1795; x_wconf 79' lang='lat' dir='ltr'>stt</span> <span class='ocrx_word' id='word_1_116' title='bbox 401 1754 447 1809; x_wconf 81' lang='lat' dir='ltr'>sq·</span> <span class='ocrx_word' id='word_1_117' title='bbox 473 1750 571 1810; x_wconf 84' lang='lat' dir='ltr'>neque</span> <span class='ocrx_word' id='word_1_118' title='bbox 594 1738 713 1793; x_wconf 84' lang='lat' dir='ltr'>omnino</span> <span class='ocrx_word' id='word_1_119' title='bbox 739 1755 812 1810; x_wconf 90' lang='lat' dir='ltr'>opus</span> <span class='ocrx_word' id='word_1_120' title='bbox 836 1745 880 1795; x_wconf 87' lang='lat' dir='ltr'>est</span> <span class='ocrx_word' id='word_1_121' title='bbox 900 1738 999 1798; x_wconf 87' lang='lat' dir='ltr'>multis</span> <span class='ocrx_word' id='word_1_122' title='bbox 1019 1741 1118 1800; x_wconf 84' lang='lat' dir='ltr'>verbis</span> 
     </span>
     <span class='ocr_line' id='line_1_15' title="bbox 70 1817 1120 1898; baseline 0.003 -19"><span class='ocrx_word' id='word_1_123' title='bbox 70 1840 175 1879; x_wconf 84' lang='lat' dir='ltr'>earum</span> <span class='ocrx_word' id='word_1_124' title='bbox 195 1820 402 1895; x_wconf 87' lang='lat' dir='ltr'>particularum</span> <span class='ocrx_word' id='word_1_125' title='bbox 422 1822 482 1877; x_wconf 87' lang='lat' dir='ltr'>vim</span> <span class='ocrx_word' id='word_1_126' title='bbox 503 1839 536 1877; x_wconf 88' lang='lat' dir='ltr'>aa</span> <span class='ocrx_word' id='word_1_127' title='bbox 556 1827 729 1894; x_wconf 85' lang='lat' dir='ltr'>potestatem</span> <span class='ocrx_word' id='word_1_128' title='bbox 749 1817 910 1898; x_wconf 87' lang='lat' dir='ltr'>declarare,</span> <span class='ocrx_word' id='word_1_129' title='bbox 937 1824 1008 1895; x_wconf 79' lang='lat' dir='ltr'>quis</span> <span class='ocrx_word' id='word_1_130' title='bbox 1029 1826 1120 1884; x_wconf 85' lang='lat' dir='ltr'>etiam</span> 
     </span>
     <span class='ocr_line' id='line_1_16' title="bbox 70 1904 1219 1980; baseline 0.003 -18"><span class='ocrx_word' id='word_1_131' title='bbox 70 1924 128 1963; x_wconf 85' lang='lat' dir='ltr'>eae</span> <span class='ocrx_word' id='word_1_132' title='bbox 151 1904 309 1978; x_wconf 73' lang='lat' dir='ltr'>particulae</span> <span class='ocrx_word' id='word_1_133' title='bbox 329 1906 369 1962; x_wconf 89' lang='lat' dir='ltr'>ita</span> <span class='ocrx_word' id='word_1_134' title='bbox 388 1910 582 1977; x_wconf 80' lang='lat' dir='ltr'>usurpantur,</span> <span class='ocrx_word' id='word_1_135' title='bbox 601 1911 632 1960; x_wconf 91' lang='lat' dir='ltr'>nt</span> <span class='ocrx_word' id='word_1_136' title='bbox 654 1922 707 1962; x_wconf 79' lang='lat' dir='ltr'>cua</span> <span class='ocrx_word' id='word_1_137' title='bbox 727 1906 832 1977; x_wconf 83' lang='lat' dir='ltr'>cuique</span> <span class='ocrx_word' id='word_1_138' title='bbox 848 1912 960 1963; x_wconf 86' lang='lat' dir='ltr'>constet</span> <span class='ocrx_word' id='word_1_139' title='bbox 977 1912 1119 1980; x_wconf 81' lang='lat' dir='ltr'>potestas.</span> <span class='ocrx_word' id='word_1_140' title='bbox 1209 1928 1219 1979; x_wconf 65' lang='grc' dir='ltr'><strong>χ</strong></span> 
     </span>
     <span class='ocr_line' id='line_1_17' title="bbox 69 1983 1121 2067; baseline 0.002 -20"><span class='ocrx_word' id='word_1_141' title='bbox 69 1986 152 2047; x_wconf 88' lang='lat' dir='ltr'>Nam</span> <span class='ocrx_word' id='word_1_142' title='bbox 173 1983 233 2063; x_wconf 80' lang='grc' dir='ltr'>μὲν</span> <span class='ocrx_word' id='word_1_143' title='bbox 254 2008 318 2046; x_wconf 87' lang='lat' dir='ltr'>cam</span> <span class='ocrx_word' id='word_1_144' title='bbox 337 1986 489 2045; x_wconf 88' lang='lat' dir='ltr'>coufirmat</span> <span class='ocrx_word' id='word_1_145' title='bbox 509 1986 668 2060; x_wconf 87' lang='lat' dir='ltr'>notionem,</span> <span class='ocrx_word' id='word_1_146' title='bbox 684 2005 773 2060; x_wconf 85' lang='lat' dir='ltr'>qnam</span> <span class='ocrx_word' id='word_1_147' title='bbox 791 1990 825 2045; x_wconf 87' lang='lat' dir='ltr'>in</span> <span class='ocrx_word' id='word_1_148' title='bbox 845 1988 950 2047; x_wconf 87' lang='lat' dir='ltr'>ordina</span> <span class='ocrx_word' id='word_1_149' title='bbox 964 1991 1121 2067; x_wconf 78' lang='lat' dir='ltr'>verbprnna</span> 
     </span>
     <span class='ocr_line' id='line_1_18' title="bbox 70 2064 1122 2151; baseline 0.004 -21"><span class='ocrx_word' id='word_1_150' title='bbox 70 2072 204 2144; x_wconf 86' lang='lat' dir='ltr'>excipit,</span> <span class='ocrx_word' id='word_1_151' title='bbox 233 2064 273 2151; x_wconf 76' lang='grc' dir='ltr'>δὴ</span> <span class='ocrx_word' id='word_1_152' title='bbox 296 2078 391 2129; x_wconf 86' lang='lat' dir='ltr'>antem</span> <span class='ocrx_word' id='word_1_153' title='bbox 412 2090 475 2127; x_wconf 87' lang='lat' dir='ltr'>rem</span> <span class='ocrx_word' id='word_1_154' title='bbox 496 2072 580 2143; x_wconf 82' lang='lat' dir='ltr'>quasi</span> <span class='ocrx_word' id='word_1_155' title='bbox 599 2071 656 2127; x_wconf 88' lang='lat' dir='ltr'>iam</span> <span class='ocrx_word' id='word_1_156' title='bbox 678 2079 852 2129; x_wconf 88' lang='lat' dir='ltr'>transactam</span> <span class='ocrx_word' id='word_1_157' title='bbox 870 2072 1007 2150; x_wconf 87' lang='lat' dir='ltr'>dimittit,</span> <span class='ocrx_word' id='word_1_158' title='bbox 1027 2072 1122 2134; x_wconf 84' lang='lat' dir='ltr'>velotl</span> 
     </span>
     <span class='ocr_line' id='line_1_19' title="bbox 68 2151 757 2229; baseline -0.007 -15"><span class='ocrx_word' id='word_1_159' title='bbox 68 2158 104 2214; x_wconf 88' lang='lat' dir='ltr'>in</span> <span class='ocrx_word' id='word_1_160' title='bbox 125 2151 276 2229; x_wconf 84' lang='lat' dir='ltr'>Aesclryli</span> <span class='ocrx_word' id='word_1_161' title='bbox 297 2152 462 2213; x_wconf 74' lang='lat' dir='ltr'>Prometheo</span> <span class='ocrx_word' id='word_1_162' title='bbox 485 2171 514 2214; x_wconf 81' lang='lat' dir='ltr'>v.</span> <span class='ocrx_word' id='word_1_163' title='bbox 538 2153 610 2212; x_wconf 83' lang='lat'><strong>500.</strong></span> <span class='ocrx_word' id='word_1_164' title='bbox 629 2152 757 2213; x_wconf 76' lang='lat' dir='ltr'>&#39;diciturr</span> 
     </span>
    </p>
   </div>
   <div class='ocr_carea' id='block_1_4' title="bbox 421 2278 774 2350">
    <p class='ocr_par' dir='ltr' id='par_1_5' title="bbox 421 2278 774 2350">
     <span class='ocr_line' id='line_1_20' title="bbox 421 2278 774 2350; baseline 0.003 -16"><span class='ocrx_word' id='word_1_165' title='bbox 421 2282 541 2335; x_wconf 76' lang='grc' dir='ltr'><strong><em>Τοιαῦτα</em></strong></span> <span class='ocrx_word' id='word_1_166' title='bbox 556 2280 613 2350; x_wconf 73' lang='grc' dir='ltr'>μὲν</span> <span class='ocrx_word' id='word_1_167' title='bbox 628 2278 664 2349; x_wconf 78' lang='grc' dir='ltr'>δὴ</span> <span class='ocrx_word' id='word_1_168' title='bbox 679 2282 774 2336; x_wconf 71' lang='grc' dir='ltr'>ταῦτα.</span> 
     </span>
    </p>
   </div>
   <div class='ocr_carea' id='block_1_5' title="bbox 62 2395 1253 3312">
    <p class='ocr_par' dir='ltr' id='par_1_6' title="bbox 66 2395 1125 2653">
     <span class='ocr_line' id='line_1_21' title="bbox 70 2395 1125 2481; baseline -0.003 -14"><span class='ocrx_word' id='word_1_169' title='bbox 70 2412 102 2467; x_wconf 88' lang='lat' dir='ltr'>et</span> <span class='ocrx_word' id='word_1_170' title='bbox 138 2422 229 2481; x_wconf 87' lang='lat' dir='ltr'>saepe</span> <span class='ocrx_word' id='word_1_171' title='bbox 258 2400 336 2479; x_wconf 83' lang='lat' dir='ltr'>apud</span> <span class='ocrx_word' id='word_1_172' title='bbox 358 2396 513 2462; x_wconf 87' lang='lat' dir='ltr'>Platonem</span> <span class='ocrx_word' id='word_1_173' title='bbox 540 2403 674 2479; x_wconf 83' lang='lat' dir='ltr'>aliosque</span> <span class='ocrx_word' id='word_1_174' title='bbox 701 2404 858 2478; x_wconf 77' lang='lat' dir='ltr'>scriptores</span> <span class='ocrx_word' id='word_1_175' title='bbox 883 2404 1045 2463; x_wconf 80' lang='lat' dir='ltr'>notissurna</span> <span class='ocrx_word' id='word_1_176' title='bbox 1068 2395 1125 2464; x_wconf 81' lang='lat' dir='ltr'>illa</span> 
     </span>
     <span class='ocr_line' id='line_1_22' title="bbox 66 2482 1125 2571; baseline -0.004 -21"><span class='ocrx_word' id='word_1_177' title='bbox 66 2490 219 2550; x_wconf 84' lang='lat' dir='ltr'>formula:</span> <span class='ocrx_word' id='word_1_178' title='bbox 250 2484 306 2551; x_wconf 83' lang='grc' dir='ltr'><strong><em>καί</em></strong></span> <span class='ocrx_word' id='word_1_179' title='bbox 330 2486 435 2549; x_wconf 79' lang='grc' dir='ltr'><em>ταῦτα</em></span> <span class='ocrx_word' id='word_1_180' title='bbox 459 2483 520 2563; x_wconf 72' lang='grc' dir='ltr'>μὲν</span> <span class='ocrx_word' id='word_1_181' title='bbox 542 2482 582 2571; x_wconf 69' lang='lat' dir='ltr'>dr}</span> <span class='ocrx_word' id='word_1_182' title='bbox 608 2484 722 2561; x_wconf 66' lang='grc' dir='ltr'><strong><em>ταῦτα,</em></strong></span> <span class='ocrx_word' id='word_1_183' title='bbox 744 2485 885 2560; x_wconf 78' lang='lat' dir='ltr'>liabetur,</span> <span class='ocrx_word' id='word_1_184' title='bbox 907 2494 938 2546; x_wconf 89' lang='lat' dir='ltr'>et</span> <span class='ocrx_word' id='word_1_185' title='bbox 958 2508 1035 2561; x_wconf 89' lang='lat' dir='ltr'>quaa</span> <span class='ocrx_word' id='word_1_186' title='bbox 1055 2492 1125 2547; x_wconf 87' lang='lat' dir='ltr'>sunt</span> 
     </span>
     <span class='ocr_line' id='line_1_23' title="bbox 67 2566 1123 2653; baseline -0.006 -18"><span class='ocrx_word' id='word_1_187' title='bbox 67 2574 195 2636; x_wconf 83' lang='lat' dir='ltr'>similia.</span> <span class='ocrx_word' id='word_1_188' title='bbox 227 2568 278 2631; x_wconf 91' lang='lat' dir='ltr'>Sic</span> <span class='ocrx_word' id='word_1_189' title='bbox 297 2566 357 2648; x_wconf 80' lang='grc' dir='ltr'>μὲν</span> <span class='ocrx_word' id='word_1_190' title='bbox 376 2567 415 2653; x_wconf 73' lang='grc' dir='ltr'>δὴ</span> <span class='ocrx_word' id='word_1_191' title='bbox 437 2590 496 2631; x_wconf 88' lang='lat' dir='ltr'>non</span> <span class='ocrx_word' id='word_1_192' title='bbox 518 2569 584 2633; x_wconf 80' lang='lat' dir='ltr'>aina</span> <span class='ocrx_word' id='word_1_193' title='bbox 605 2570 754 2633; x_wconf 87' lang='lat' dir='ltr'>alacritate</span> <span class='ocrx_word' id='word_1_194' title='bbox 771 2571 895 2647; x_wconf 79' lang='lat' dir='ltr'>quadam</span> <span class='ocrx_word' id='word_1_195' title='bbox 914 2574 1068 2631; x_wconf 85' lang='lat' dir='ltr'>transitum</span> <span class='ocrx_word' id='word_1_196' title='bbox 1085 2571 1123 2630; x_wconf 81' lang='lat' dir='ltr'>ab</span> 
     </span>
    </p>

    <p class='ocr_par' dir='ltr' id='par_1_7' title="bbox 66 2655 1122 2740">
     <span class='ocr_line' id='line_1_24' title="bbox 66 2655 1122 2740; baseline -0.001 -24"><span class='ocrx_word' id='word_1_197' title='bbox 66 2678 134 2717; x_wconf 84' lang='lat' dir='ltr'>una</span> <span class='ocrx_word' id='word_1_198' title='bbox 160 2678 194 2715; x_wconf 85' lang='lat' dir='ltr'>re</span> <span class='ocrx_word' id='word_1_199' title='bbox 218 2656 254 2713; x_wconf 88' lang='lat' dir='ltr'>ad</span> <span class='ocrx_word' id='word_1_200' title='bbox 276 2655 395 2711; x_wconf 87' lang='lat' dir='ltr'>alteram</span> <span class='ocrx_word' id='word_1_201' title='bbox 416 2663 499 2733; x_wconf 81' lang='lat' dir='ltr'>parat</span> <span class='ocrx_word' id='word_1_202' title='bbox 520 2660 568 2716; x_wconf 86' lang='lat' dir='ltr'>aut</span> <span class='ocrx_word' id='word_1_203' title='bbox 587 2659 682 2731; x_wconf 88' lang='lat' dir='ltr'>potius</span> <span class='ocrx_word' id='word_1_204' title='bbox 705 2656 798 2715; x_wconf 86' lang='lat' dir='ltr'>dicam</span> <span class='ocrx_word' id='word_1_205' title='bbox 821 2656 985 2740; x_wconf 70' lang='lat' dir='ltr'>uberiorem</span> <span class='ocrx_word' id='word_1_206' title='bbox 1010 2657 1122 2731; x_wconf 78' lang='lat' dir='ltr'>positae</span> 
     </span>
    </p>

    <p class='ocr_par' dir='ltr' id='par_1_8' title="bbox 63 2736 1242 3062">
     <span class='ocr_line' id='line_1_25' title="bbox 65 2736 1242 2813; baseline 0.002 -13"><span class='ocrx_word' id='word_1_207' title='bbox 65 2744 115 2801; x_wconf 87' lang='lat' dir='ltr'>rei</span> <span class='ocrx_word' id='word_1_208' title='bbox 146 2738 376 2812; x_wconf 84' lang='lat' dir='ltr'>explicationem</span> <span class='ocrx_word' id='word_1_209' title='bbox 407 2737 581 2812; x_wconf 85' lang='lat' dir='ltr'>introducit,</span> <span class='ocrx_word' id='word_1_210' title='bbox 611 2741 701 2798; x_wconf 87' lang='lat' dir='ltr'>veluti</span> <span class='ocrx_word' id='word_1_211' title='bbox 729 2741 761 2796; x_wconf 91' lang='lat' dir='ltr'>in</span> <span class='ocrx_word' id='word_1_212' title='bbox 787 2736 999 2813; x_wconf 83' lang='lat' dir='ltr'>Xenophontis</span> <span class='ocrx_word' id='word_1_213' title='bbox 1024 2742 1124 2798; x_wconf 59' lang='lat' dir='ltr'>Diaei*</span> <span class='ocrx_word' id='word_1_214' title='bbox 1236 2784 1242 2802; x_wconf 83' lang='grc'><strong>.</strong></span> 
     </span>
     <span class='ocr_line' id='line_1_26' title="bbox 63 2814 1121 2904; baseline -0.002 -21"><span class='ocrx_word' id='word_1_215' title='bbox 63 2826 157 2903; x_wconf 83' lang='lat' dir='ltr'>plina</span> <span class='ocrx_word' id='word_1_216' title='bbox 180 2822 245 2893; x_wconf 72' lang='lat' dir='ltr'>Cyri</span> <span class='ocrx_word' id='word_1_217' title='bbox 268 2819 319 2877; x_wconf 87' lang='lat' dir='ltr'>lib.</span> <span class='ocrx_word' id='word_1_218' title='bbox 342 2814 366 2875; x_wconf 91' lang='lat'>1.</span> <span class='ocrx_word' id='word_1_219' title='bbox 389 2838 451 2892; x_wconf 83' lang='lat' dir='ltr'>cap.</span> <span class='ocrx_word' id='word_1_220' title='bbox 473 2824 503 2875; x_wconf 90' lang='grc'>2.</span> <span class='ocrx_word' id='word_1_221' title='bbox 525 2823 552 2889; x_wconf 80' lang='lat'>§.</span> <span class='ocrx_word' id='word_1_222' title='bbox 577 2828 605 2877; x_wconf 90' lang='lat' dir='ltr'>l.</span> <span class='ocrx_word' id='word_1_223' title='bbox 629 2824 671 2891; x_wconf 86' lang='lat' dir='ltr'>ita</span> <span class='ocrx_word' id='word_1_224' title='bbox 694 2820 812 2880; x_wconf 74' lang='lat' dir='ltr'>dicitorc</span> <span class='ocrx_word' id='word_1_225' title='bbox 842 2818 979 2902; x_wconf 74' lang='grc' dir='ltr'><strong><em>Παιρὸς</em></strong></span> <span class='ocrx_word' id='word_1_226' title='bbox 997 2817 1058 2900; x_wconf 80' lang='grc' dir='ltr'>μὲν</span> <span class='ocrx_word' id='word_1_227' title='bbox 1080 2816 1121 2904; x_wconf 70' lang='grc' dir='ltr'>δὴ</span> 
     </span>
     <span class='ocr_line' id='line_1_27' title="bbox 66 2887 1125 2987; baseline -0.002 -20"><span class='ocrx_word' id='word_1_228' title='bbox 66 2902 212 2987; x_wconf 74' lang='grc' dir='ltr'><strong><em>λέγεται</em></strong></span> <span class='ocrx_word' id='word_1_229' title='bbox 236 2894 254 2965; x_wconf 87' lang='grc' dir='ltr'>ὁ</span> <span class='ocrx_word' id='word_1_230' title='bbox 276 2900 390 2982; x_wconf 78' lang='grc' dir='ltr'><strong><em>Κῦρος</em></strong></span> <span class='ocrx_word' id='word_1_231' title='bbox 410 2887 567 2978; x_wconf 72' lang='grc' dir='ltr'><strong><em>γενέσθαι</em></strong></span> <span class='ocrx_word' id='word_1_232' title='bbox 588 2897 777 2982; x_wconf 78' lang='grc' dir='ltr'><em>Καμβύσεω</em></span> <span class='ocrx_word' id='word_1_233' title='bbox 800 2904 940 2980; x_wconf 80' lang='grc' dir='ltr'><strong><em>Περσῶν</em></strong></span> <span class='ocrx_word' id='word_1_234' title='bbox 960 2901 1125 2981; x_wconf 76' lang='grc' dir='ltr'><strong><em>βασιλέως</em></strong></span> 
     </span>
     <span class='ocr_line' id='line_1_28' title="bbox 69 2980 1125 3062; baseline -0.009 -9"><span class='ocrx_word' id='word_1_235' title='bbox 69 2981 165 3062; x_wconf 57' lang='lat' dir='ltr'>aad„</span> <span class='ocrx_word' id='word_1_236' title='bbox 196 2982 275 3061; x_wconf 86' lang='lat' dir='ltr'>qood</span> <span class='ocrx_word' id='word_1_237' title='bbox 296 2990 514 3043; x_wconf 83' lang='lat' dir='ltr'>antecesserunt</span> <span class='ocrx_word' id='word_1_238' title='bbox 539 2994 667 3041; x_wconf 84' lang='lat' dir='ltr'>exeunte</span> <span class='ocrx_word' id='word_1_239' title='bbox 694 2988 790 3056; x_wconf 88' lang='lat' dir='ltr'>capite</span> <span class='ocrx_word' id='word_1_240' title='bbox 818 2988 931 3059; x_wconf 67' lang='lat' dir='ltr'>priores</span> <span class='ocrx_word' id='word_1_241' title='bbox 952 2980 1041 3047; x_wconf 77' lang='grc' dir='ltr'>Ὅσα</span> <span class='ocrx_word' id='word_1_242' title='bbox 1064 2982 1125 3060; x_wconf 81' lang='grc' dir='ltr'>μὲν</span> 
     </span>
    </p>

    <p class='ocr_par' dir='ltr' id='par_1_9' title="bbox 62 3056 1253 3312">
     <span class='ocr_line' id='line_1_29' title="bbox 65 3056 1253 3150; baseline -0.009 -13"><span class='ocrx_word' id='word_1_243' title='bbox 65 3062 132 3137; x_wconf 75' lang='grc' dir='ltr'>οὖν</span> <span class='ocrx_word' id='word_1_244' title='bbox 158 3067 215 3132; x_wconf 79' lang='grc' dir='ltr'>καὶ</span> <span class='ocrx_word' id='word_1_245' title='bbox 236 3062 442 3142; x_wconf 72' lang='grc' dir='ltr'><em>ἐπυθόμεθα</em></span> <span class='ocrx_word' id='word_1_246' title='bbox 460 3060 516 3126; x_wconf 81' lang='grc' dir='ltr'>καὶ</span> <span class='ocrx_word' id='word_1_247' title='bbox 534 3056 716 3150; x_wconf 66' lang='grc' dir='ltr'>ᾐσθῆσθαι</span> <span class='ocrx_word' id='word_1_248' title='bbox 737 3062 897 3143; x_wconf 73' lang='grc' dir='ltr'><strong><em>δοκοῦμεν</em></strong></span> <span class='ocrx_word' id='word_1_249' title='bbox 913 3061 994 3149; x_wconf 82' lang='grc' dir='ltr'><strong><em>περὶ</em></strong></span> <span class='ocrx_word' id='word_1_250' title='bbox 1013 3058 1125 3139; x_wconf 77' lang='grc' dir='ltr'><strong><em>αὐτοῦ,</em></strong></span> <span class='ocrx_word' id='word_1_251' title='bbox 1246 3082 1253 3091; x_wconf 80' lang='grc'><strong><em>’</em></strong></span> 
     </span>
     <span class='ocr_line' id='line_1_30' title="bbox 64 3142 1125 3233; baseline -0.012 -15"><span class='ocrx_word' id='word_1_252' title='bbox 64 3154 183 3218; x_wconf 70' lang='grc' dir='ltr'>ταῦτα</span> <span class='ocrx_word' id='word_1_253' title='bbox 218 3144 457 3230; x_wconf 72' lang='grc' dir='ltr'><strong><em>πειρασόμεθα</em></strong></span> <span class='ocrx_word' id='word_1_254' title='bbox 496 3142 733 3233; x_wconf 74' lang='grc' dir='ltr'>διηγήσασθαι.</span> <span class='ocrx_word' id='word_1_255' title='bbox 756 3159 861 3232; x_wconf 50' lang='grc' dir='ltr'>νοίοιιο</span> <span class='ocrx_word' id='word_1_256' title='bbox 899 3149 941 3207; x_wconf 81' lang='lat' dir='ltr'>sic</span> <span class='ocrx_word' id='word_1_257' title='bbox 977 3150 1064 3207; x_wconf 88' lang='lat' dir='ltr'>etiam</span> <span class='ocrx_word' id='word_1_258' title='bbox 1091 3150 1125 3205; x_wconf 85' lang='lat' dir='ltr'>in</span> 
     </span>
     <span class='ocr_line' id='line_1_31' title="bbox 62 3230 722 3312; baseline -0.015 -12"><span class='ocrx_word' id='word_1_259' title='bbox 62 3234 228 3312; x_wconf 81' lang='lat' dir='ltr'>Aeschyli</span> <span class='ocrx_word' id='word_1_260' title='bbox 247 3238 343 3293; x_wconf 82' lang='lat' dir='ltr'>Parsis</span> <span class='ocrx_word' id='word_1_261' title='bbox 365 3252 396 3291; x_wconf 89' lang='lat' dir='ltr'>v.</span> <span class='ocrx_word' id='word_1_262' title='bbox 417 3235 490 3291; x_wconf 73' lang='lat'>412.</span> <span class='ocrx_word' id='word_1_263' title='bbox 515 3252 579 3308; x_wconf 84' lang='lat' dir='ltr'>sqq.</span> <span class='ocrx_word' id='word_1_264' title='bbox 601 3230 722 3308; x_wconf 81' lang='lat' dir='ltr'>dicitur:</span> 
     </span>
    </p>
   </div>
   <div class='ocr_carea' id='block_1_6' title="bbox 244 3355 971 3575">
    <p class='ocr_par' dir='ltr' id='par_1_10' title="bbox 244 3355 971 3575">
     <span class='ocr_line' id='line_1_32' title="bbox 248 3355 927 3449; baseline -0.009 -31"><span class='ocrx_word' id='word_1_265' title='bbox 248 3360 289 3418; x_wconf 76' lang='lat' dir='ltr'>Tri</span> <span class='ocrx_word' id='word_1_266' title='bbox 303 3364 400 3435; x_wconf 75' lang='grc' dir='ltr'><strong><em>πρῶτοι</em></strong></span> <span class='ocrx_word' id='word_1_267' title='bbox 415 3361 472 3449; x_wconf 63' lang='grc' dir='ltr'>μὲν</span> <span class='ocrx_word' id='word_1_268' title='bbox 489 3359 523 3429; x_wconf 77' lang='grc' dir='ltr'>δὴ</span> <span class='ocrx_word' id='word_1_269' title='bbox 540 3362 630 3432; x_wconf 74' lang='grc' dir='ltr'><strong><em>ῥεῦμα</em></strong></span> <span class='ocrx_word' id='word_1_270' title='bbox 648 3355 789 3443; x_wconf 72' lang='grc' dir='ltr'>Περσικοῦ</span> <span class='ocrx_word' id='word_1_271' title='bbox 808 3356 927 3442; x_wconf 63' lang='lat' dir='ltr'>captatori</span> 
     </span>
     <span class='ocr_line' id='line_1_33' title="bbox 245 3428 857 3503; baseline -0.01 -17"><span class='ocrx_word' id='word_1_272' title='bbox 245 3432 385 3503; x_wconf 76' lang='grc' dir='ltr'><em>ἀντεῖχεν·</em></span> <span class='ocrx_word' id='word_1_273' title='bbox 403 3430 613 3497; x_wconf 64' lang='lat' dir='ltr'>caedecatitae</span> <span class='ocrx_word' id='word_1_274' title='bbox 632 3428 663 3485; x_wconf 68' lang='grc' dir='ltr'>ἓν</span> <span class='ocrx_word' id='word_1_275' title='bbox 680 3444 765 3498; x_wconf 79' lang='grc' dir='ltr'><strong><em>σιενῳ</em></strong></span> <span class='ocrx_word' id='word_1_276' title='bbox 785 3445 857 3482; x_wconf 72' lang='lat' dir='ltr'>recor</span> 
     </span>
     <span class='ocr_line' id='line_1_34' title="bbox 244 3492 971 3575; baseline -0.006 -22"><span class='ocrx_word' id='word_1_277' title='bbox 244 3496 382 3575; x_wconf 76' lang='grc' dir='ltr'><strong><em>ἤθροιστ’,</em></strong></span> <span class='ocrx_word' id='word_1_278' title='bbox 401 3495 496 3571; x_wconf 72' lang='grc' dir='ltr'><em>ἀρωγὴ</em></span> <span class='ocrx_word' id='word_1_279' title='bbox 514 3495 545 3552; x_wconf 85' lang='grc' dir='ltr'>δ’</span> <span class='ocrx_word' id='word_1_280' title='bbox 560 3492 635 3558; x_wconf 74' lang='grc' dir='ltr'><strong><em>οῧιις</em></strong></span> <span class='ocrx_word' id='word_1_281' title='bbox 650 3494 776 3563; x_wconf 76' lang='grc' dir='ltr'><strong><em>ἀλλήλοις</em></strong></span> <span class='ocrx_word' id='word_1_282' title='bbox 792 3496 885 3567; x_wconf 76' lang='grc' dir='ltr'><em>παρῆν</em></span> <span class='ocrx_word' id='word_1_283' title='bbox 901 3492 971 3561; x_wconf 57' lang='lat' dir='ltr'>aad,</span> 
     </span>
    </p>
   </div>
   <div class='ocr_carea' id='block_1_7' title="bbox 55 3613 1306 4511">
    <p class='ocr_par' dir='ltr' id='par_1_11' title="bbox 61 3613 1147 3703">
     <span class='ocr_line' id='line_1_35' title="bbox 61 3613 1147 3703; baseline -0.008 -18"><span class='ocrx_word' id='word_1_284' title='bbox 61 3642 256 3703; x_wconf 77' lang='lat' dir='ltr'>quamquam</span> <span class='ocrx_word' id='word_1_285' title='bbox 286 3623 320 3681; x_wconf 89' lang='lat' dir='ltr'>in</span> <span class='ocrx_word' id='word_1_286' title='bbox 348 3622 484 3680; x_wconf 82' lang='lat' dir='ltr'>omnibus</span> <span class='ocrx_word' id='word_1_287' title='bbox 511 3617 557 3678; x_wconf 82' lang='lat' dir='ltr'>lais</span> <span class='ocrx_word' id='word_1_288' title='bbox 583 3619 674 3694; x_wconf 87' lang='lat' dir='ltr'>locis,</span> <span class='ocrx_word' id='word_1_289' title='bbox 706 3620 776 3694; x_wconf 87' lang='lat' dir='ltr'>quia</span> <span class='ocrx_word' id='word_1_290' title='bbox 800 3613 861 3696; x_wconf 75' lang='grc' dir='ltr'>μὲν</span> <span class='ocrx_word' id='word_1_291' title='bbox 880 3620 912 3675; x_wconf 88' lang='lat' dir='ltr'>in</span> <span class='ocrx_word' id='word_1_292' title='bbox 933 3614 1147 3691; x_wconf 70' lang='lat' dir='ltr'>sequentibus¹</span> 
     </span>
    </p>

    <p class='ocr_par' dir='ltr' id='par_1_12' title="bbox 59 3696 1125 3864">
     <span class='ocr_line' id='line_1_36' title="bbox 59 3696 1125 3783; baseline -0.014 -11"><span class='ocrx_word' id='word_1_293' title='bbox 59 3712 166 3772; x_wconf 81' lang='lat' dir='ltr'>habet</span> <span class='ocrx_word' id='word_1_294' title='bbox 191 3704 227 3770; x_wconf 77' lang='grc' dir='ltr'>δὲ</span> <span class='ocrx_word' id='word_1_295' title='bbox 247 3706 416 3781; x_wconf 86' lang='lat' dir='ltr'>particulam</span> <span class='ocrx_word' id='word_1_296' title='bbox 439 3707 486 3763; x_wconf 87' lang='lat' dir='ltr'>cai</span> <span class='ocrx_word' id='word_1_297' title='bbox 509 3702 699 3778; x_wconf 84' lang='lat' dir='ltr'>sespondeat,</span> <span class='ocrx_word' id='word_1_298' title='bbox 721 3702 798 3761; x_wconf 82' lang='lat' dir='ltr'>nihil</span> <span class='ocrx_word' id='word_1_299' title='bbox 819 3705 879 3761; x_wconf 83' lang='lat' dir='ltr'>nisi</span> <span class='ocrx_word' id='word_1_300' title='bbox 900 3696 940 3783; x_wconf 66' lang='grc' dir='ltr'>δή</span> <span class='ocrx_word' id='word_1_301' title='bbox 962 3702 1045 3759; x_wconf 85' lang='lat' dir='ltr'>illam</span> <span class='ocrx_word' id='word_1_302' title='bbox 1063 3702 1125 3760; x_wconf 80' lang='lat' dir='ltr'>rin</span> 
     </span>
     <span class='ocr_line' id='line_1_37' title="bbox 60 3785 1124 3864; baseline -0.016 -7"><span class='ocrx_word' id='word_1_303' title='bbox 60 3794 226 3864; x_wconf 84' lang='lat' dir='ltr'>continet,</span> <span class='ocrx_word' id='word_1_304' title='bbox 259 3810 333 3863; x_wconf 84' lang='lat' dir='ltr'>quae</span> <span class='ocrx_word' id='word_1_305' title='bbox 361 3793 511 3848; x_wconf 86' lang='lat' dir='ltr'>connectat</span> <span class='ocrx_word' id='word_1_306' title='bbox 539 3786 739 3845; x_wconf 82' lang='lat' dir='ltr'>antecedentia</span> <span class='ocrx_word' id='word_1_307' title='bbox 763 3805 828 3843; x_wconf 89' lang='lat' dir='ltr'>cum</span> <span class='ocrx_word' id='word_1_308' title='bbox 849 3785 1056 3858; x_wconf 78' lang='lat' dir='ltr'>sequentibus,</span> <span class='ocrx_word' id='word_1_309' title='bbox 1090 3787 1124 3841; x_wconf 86' lang='lat' dir='ltr'>nt</span> 
     </span>
    </p>

    <p class='ocr_par' dir='ltr' id='par_1_13' title="bbox 57 3864 1123 4041">
     <span class='ocr_line' id='line_1_38' title="bbox 59 3864 1123 3953; baseline -0.017 -12"><span class='ocrx_word' id='word_1_310' title='bbox 59 3894 181 3941; x_wconf 86' lang='lat' dir='ltr'>earum</span> <span class='ocrx_word' id='word_1_311' title='bbox 211 3872 414 3946; x_wconf 87' lang='lat' dir='ltr'>particularum</span> <span class='ocrx_word' id='word_1_312' title='bbox 438 3890 508 3931; x_wconf 82' lang='lat' dir='ltr'>usus</span> <span class='ocrx_word' id='word_1_313' title='bbox 531 3870 566 3929; x_wconf 91' lang='lat' dir='ltr'>ad</span> <span class='ocrx_word' id='word_1_314' title='bbox 587 3870 751 3945; x_wconf 75' lang='lat' dir='ltr'>simplicem</span> <span class='ocrx_word' id='word_1_315' title='bbox 774 3864 814 3953; x_wconf 77' lang='grc' dir='ltr'>δὴ</span> <span class='ocrx_word' id='word_1_316' title='bbox 836 3868 1008 3943; x_wconf 85' lang='lat' dir='ltr'>particulam</span> <span class='ocrx_word' id='word_1_317' title='bbox 1029 3866 1123 3925; x_wconf 80' lang='lat' dir='ltr'>solam</span> 
     </span>
     <span class='ocr_line' id='line_1_39' title="bbox 57 3950 1122 4041; baseline -0.012 -19"><span class='ocrx_word' id='word_1_318' title='bbox 57 3962 229 4041; x_wconf 85' lang='lat' dir='ltr'>pertinere</span> <span class='ocrx_word' id='word_1_319' title='bbox 250 3956 393 4016; x_wconf 83' lang='lat' dir='ltr'>videatur.</span> <span class='ocrx_word' id='word_1_320' title='bbox 435 3952 549 4029; x_wconf 86' lang='lat' dir='ltr'>Aptius</span> <span class='ocrx_word' id='word_1_321' title='bbox 570 3962 682 4012; x_wconf 80' lang='lat' dir='ltr'>tantm</span> <span class='ocrx_word' id='word_1_322' title='bbox 702 3952 790 4012; x_wconf 89' lang='lat' dir='ltr'>modo</span> <span class='ocrx_word' id='word_1_323' title='bbox 811 3954 843 4011; x_wconf 87' lang='lat' dir='ltr'>in</span> <span class='ocrx_word' id='word_1_324' title='bbox 863 3955 927 4010; x_wconf 81' lang='lat' dir='ltr'>cius</span> <span class='ocrx_word' id='word_1_325' title='bbox 951 3950 1030 4009; x_wconf 86' lang='lat' dir='ltr'>modi</span> <span class='ocrx_word' id='word_1_326' title='bbox 1050 3951 1122 4009; x_wconf 84' lang='lat' dir='ltr'>locis</span> 
     </span>
    </p>

    <p class='ocr_par' dir='ltr' id='par_1_14' title="bbox 55 4024 1306 4511">
     <span class='ocr_line' id='line_1_40' title="bbox 55 4024 1286 4119; baseline -0.004 -12"><span class='ocrx_word' id='word_1_327' title='bbox 55 4048 144 4107; x_wconf 82' lang='lat' dir='ltr'>illae</span> <span class='ocrx_word' id='word_1_328' title='bbox 185 4039 345 4113; x_wconf 84' lang='lat' dir='ltr'>particulae</span> <span class='ocrx_word' id='word_1_329' title='bbox 376 4040 545 4097; x_wconf 79' lang='lat' dir='ltr'>coniunctae</span> <span class='ocrx_word' id='word_1_330' title='bbox 577 4054 642 4096; x_wconf 80' lang='lat' dir='ltr'>essa</span> <span class='ocrx_word' id='word_1_331' title='bbox 668 4038 818 4111; x_wconf 84' lang='lat' dir='ltr'>videntur,</span> <span class='ocrx_word' id='word_1_332' title='bbox 850 4038 877 4095; x_wconf 86' lang='lat' dir='ltr'>si</span> <span class='ocrx_word' id='word_1_333' title='bbox 907 4034 1012 4092; x_wconf 82' lang='lat' dir='ltr'>dicitnr·</span> <span class='ocrx_word' id='word_1_334' title='bbox 1038 4024 1123 4095; x_wconf 72' lang='lat' dir='ltr'>diti&amp;</span> <span class='ocrx_word' id='word_1_335' title='bbox 1142 4036 1286 4119; x_wconf 63' lang='lat' dir='ltr'>&#39;Attalicis</span> 
     </span>
     <span class='ocr_line' id='line_1_41' title="bbox 57 4108 1280 4211; baseline -0.001 -27"><span class='ocrx_word' id='word_1_336' title='bbox 57 4125 132 4211; x_wconf 81' lang='grc' dir='ltr'>μὲν</span> <span class='ocrx_word' id='word_1_337' title='bbox 160 4117 224 4202; x_wconf 73' lang='grc' dir='ltr'>δή,</span> <span class='ocrx_word' id='word_1_338' title='bbox 253 4112 275 4204; x_wconf 81' lang='grc' dir='ltr'><em>ἦ</em></span> <span class='ocrx_word' id='word_1_339' title='bbox 295 4116 356 4198; x_wconf 82' lang='grc' dir='ltr'>μὲν</span> <span class='ocrx_word' id='word_1_340' title='bbox 377 4112 435 4205; x_wconf 79' lang='grc' dir='ltr'>δή,</span> <span class='ocrx_word' id='word_1_341' title='bbox 463 4108 502 4183; x_wconf 80' lang='lat' dir='ltr'>orl</span> <span class='ocrx_word' id='word_1_342' title='bbox 522 4114 583 4198; x_wconf 78' lang='grc' dir='ltr'>μὲν</span> <span class='ocrx_word' id='word_1_343' title='bbox 604 4114 659 4203; x_wconf 78' lang='grc' dir='ltr'>δή,</span> <span class='ocrx_word' id='word_1_344' title='bbox 688 4115 745 4184; x_wconf 78' lang='grc' dir='ltr'>καὶ</span> <span class='ocrx_word' id='word_1_345' title='bbox 763 4116 824 4199; x_wconf 76' lang='grc' dir='ltr'>μὲν</span> <span class='ocrx_word' id='word_1_346' title='bbox 847 4110 903 4199; x_wconf 76' lang='grc' dir='ltr'>δή,</span> <span class='ocrx_word' id='word_1_347' title='bbox 931 4112 969 4197; x_wconf 74' lang='grc' dir='ltr'>γὲ</span> <span class='ocrx_word' id='word_1_348' title='bbox 988 4110 1120 4199; x_wconf 41' lang='grc' dir='ltr'>μὲνιᾷή,</span> <span class='ocrx_word' id='word_1_349' title='bbox 1165 4112 1215 4183; x_wconf 64' lang='grc' dir='ltr'>δή,</span> <span class='ocrx_word' id='word_1_350' title='bbox 1231 4120 1280 4199; x_wconf 67' lang='lat'>,²⁰²</span> 
     </span>
     <span class='ocr_line' id='line_1_42' title="bbox 57 4179 1287 4289; baseline -0.007 -17"><span class='ocrx_word' id='word_1_351' title='bbox 57 4212 189 4289; x_wconf 83' lang='lat' dir='ltr'>quibua</span> <span class='ocrx_word' id='word_1_352' title='bbox 218 4207 251 4262; x_wconf 86' lang='lat' dir='ltr'>in</span> <span class='ocrx_word' id='word_1_353' title='bbox 281 4205 353 4265; x_wconf 81' lang='lat' dir='ltr'>locis</span> <span class='ocrx_word' id='word_1_354' title='bbox 378 4204 499 4264; x_wconf 81' lang='lat' dir='ltr'>socrant</span> <span class='ocrx_word' id='word_1_355' title='bbox 519 4206 571 4277; x_wconf 77' lang='lat' dir='ltr'>qut</span> <span class='ocrx_word' id='word_1_356' title='bbox 592 4207 679 4263; x_wconf 87' lang='lat' dir='ltr'>etiam</span> <span class='ocrx_word' id='word_1_357' title='bbox 700 4199 802 4285; x_wconf 70' lang='lat' dir='ltr'>perdi)</span> <span class='ocrx_word' id='word_1_358' title='bbox 823 4214 882 4259; x_wconf 85' lang='lat' dir='ltr'>nna</span> <span class='ocrx_word' id='word_1_359' title='bbox 902 4219 972 4260; x_wconf 83' lang='lat' dir='ltr'>voca</span> <span class='ocrx_word' id='word_1_360' title='bbox 993 4218 1122 4276; x_wconf 83' lang='lat' dir='ltr'>pronao·</span> <span class='ocrx_word' id='word_1_361' title='bbox 1138 4185 1192 4254; x_wconf 64' lang='lat' dir='ltr'><em>W</em></span> <span class='ocrx_word' id='word_1_362' title='bbox 1204 4179 1287 4263; x_wconf 53' lang='lat' dir='ltr'>ll’1³⁰</span> 
     </span>
     <span class='ocr_line' id='line_1_43' title="bbox 58 4241 1306 4386; baseline -0.011 -31"><span class='ocrx_word' id='word_1_363' title='bbox 58 4296 141 4355; x_wconf 87' lang='lat' dir='ltr'>tiari</span> <span class='ocrx_word' id='word_1_364' title='bbox 177 4288 305 4365; x_wconf 89' lang='lat' dir='ltr'>vellent,</span> <span class='ocrx_word' id='word_1_365' title='bbox 337 4308 395 4364; x_wconf 83' lang='lat' dir='ltr'>qua</span> <span class='ocrx_word' id='word_1_366' title='bbox 416 4286 453 4347; x_wconf 89' lang='lat' dir='ltr'>de</span> <span class='ocrx_word' id='word_1_367' title='bbox 474 4307 507 4347; x_wconf 85' lang='lat' dir='ltr'>ra</span> <span class='ocrx_word' id='word_1_368' title='bbox 526 4289 594 4347; x_wconf 88' lang='lat' dir='ltr'>vide</span> <span class='ocrx_word' id='word_1_369' title='bbox 614 4306 690 4363; x_wconf 82' lang='lat' dir='ltr'>quaa</span> <span class='ocrx_word' id='word_1_370' title='bbox 709 4306 799 4363; x_wconf 82' lang='lat' dir='ltr'>sopra</span> <span class='ocrx_word' id='word_1_371' title='bbox 818 4286 852 4344; x_wconf 92' lang='lat' dir='ltr'>in</span> <span class='ocrx_word' id='word_1_372' title='bbox 873 4274 958 4347; x_wconf 72' lang='lat' dir='ltr'>dite</span> <span class='ocrx_word' id='word_1_373' title='bbox 980 4285 1124 4360; x_wconf 80' lang='lat' dir='ltr'>particula</span> <span class='ocrx_word' id='word_1_374' title='bbox 1138 4241 1306 4386; x_wconf 36' lang='lat' dir='ltr'>‘wadila</span> 
     </span>
     <span class='ocr_line' id='line_1_44' title="bbox 56 4364 1123 4511; baseline -0.013 -71"><span class='ocrx_word' id='word_1_375' title='bbox 56 4375 225 4455; x_wconf 79' lang='lat' dir='ltr'>explicavi</span> <span class='ocrx_word' id='word_1_376' title='bbox 249 4394 280 4449; x_wconf 90' lang='lat' dir='ltr'>p.</span> <span class='ocrx_word' id='word_1_377' title='bbox 301 4373 353 4434; x_wconf 78' lang='lat'>59.</span> <span class='ocrx_word' id='word_1_378' title='bbox 395 4370 436 4433; x_wconf 79' lang='lat' dir='ltr'>lit</span> <span class='ocrx_word' id='word_1_379' title='bbox 458 4372 496 4433; x_wconf 87' lang='lat' dir='ltr'>da</span> <span class='ocrx_word' id='word_1_380' title='bbox 520 4364 608 4436; x_wconf 77' lang='grc' dir='ltr'>ἀλλὰ</span> <span class='ocrx_word' id='word_1_381' title='bbox 626 4368 688 4453; x_wconf 77' lang='grc' dir='ltr'>μὲν</span> <span class='ocrx_word' id='word_1_382' title='bbox 708 4366 750 4453; x_wconf 73' lang='grc' dir='ltr'>δὴ</span> <span class='ocrx_word' id='word_1_383' title='bbox 773 4368 883 4511; x_wconf 57' lang='lat' dir='ltr'>ibide⁴n3</span> <span class='ocrx_word' id='word_1_384' title='bbox 895 4369 1065 4492; x_wconf 59' lang='lat' dir='ltr'>¹:explicam</span> <span class='ocrx_word' id='word_1_385' title='bbox 1086 4367 1123 4426; x_wconf 72' lang='lat' dir='ltr'>de</span> 
     </span>
    </p>
   </div>
   <div class='ocr_carea' id='block_1_8' title="bbox 0 0 1430 4842">
    <p class='ocr_par' dir='ltr' id='par_1_15' title="bbox 0 0 1430 4842">
     <span class='ocr_line' id='line_1_45' title="bbox 0 0 1430 4842; baseline 0 6"><span class='ocrx_word' id='word_1_386' title='bbox 0 0 1430 4842; x_wconf 95' lang='lat' dir='ltr'> </span> 
     </span>
    </p>
   </div>
  </div>
 </body>
</html>
