2850 4842
520 490 651 562 dorm

261 657 318 715 ‘Psi
335 661 394 713 πᾶν
412 655 530 729 ίίιίηλον,
548 660 595 714 καί
612 661 779 729 acclamaret
792 668 895 732 χθονί,

276 730 362 800 coppi
377 724 489 797 μάλιστ’
511 725 652 794 saxenati,
672 730 742 785 aiore
762 738 877 797 πρίονος

255 750 407 871 ίνρρώμαι’
431 792 468 850 ἂν
486 801 618 868 βλέψειας
633 798 664 853 ἰν
682 802 751 872 τομῇ
771 797 862 863 ξύλου.

149 916 211 980 Sed
241 927 339 980 tamen
365 927 495 979 oratores
515 917 611 980 Attici
639 926 690 979 ant
708 922 810 981 comici
832 928 937 997 poetae
957 918 1012 981 lsao
1033 942 1110 983 com·

66 1007 197 1080 peratiae
231 997 316 1067 allata
345 1003 504 1078 particulae
532 1004 750 1081 significatione
778 1009 824 1065 usi
855 1026 1003 1081 nunquam
1032 1019 1110 1067 sunt.

65 1090 141 1149 llam
168 1089 221 1163 qni
246 1088 304 1147 loci
333 1088 403 1147 olim
424 1086 482 1147 lanc
502 1089 597 1148 vocati
619 1098 705 1164 sunt,
728 1110 777 1149 eos
799 1086 888 1150 laodic
906 1094 975 1149 satis
997 1100 1110 1169 0⁰th

67 1186 116 1232 aut
142 1172 332 1247 explicandos
362 1172 447 1231 aliter
474 1192 541 1231 esse
562 1175 720 1233 autetiam
742 1175 828 1233 aliter
849 1174 1026 1235 scribendos.
1070 1172 1111 1235 Et

67 1253 251 1334 'l'luocydidis
274 1254 392 1330 quidem
411 1255 507 1315 locum
528 1276 545 1315 e
565 1256 618 1316 lib.
640 1252 714 1315 Vll.
737 1278 799 1333 cap.
822 1262 873 1317 24.
895 1261 952 1318 iam
974 1278 1062 1333 supra
1083 1267 1113 1319 et

62 1343 96 1400 in
126 1336 187 1404 ὅτε
221 1341 364 1415 particula
391 1351 426 1414 p.
457 1346 529 1399 203.
560 1346 591 1398 et
623 1360 723 1400 rursus
755 1345 786 1399 in
813 1338 850 1405 τὲ
873 1336 936 1421 γὰρ
960 1343 1111 1417 particulis

63 1446 95 1500 p.
114 1427 179 1485 750
199 1444 245 1499 sq.
274 1424 454 1485 sustulimus.
496 1420 542 1482 lbi
569 1426 649 1483 enim
675 1424 777 1484 divisis
800 1424 905 1485 litteris
927 1426 1111 1485 scribendnm

63 1517 143 1568 erat:
173 1502 219 1583 ὥς
243 1527 280 1570 τε
304 1502 367 1590 γὰρ
388 1503 528 1591 ταμιείῳ
547 1504 723 1589 χρωμένων
743 1508 810 1571 τῶν
830 1500 1020 1593 Ἀθηναίων
1041 1512 1113 1585 τοῖς

63 1588 185 1671 τείχεσι
216 1585 283 1654 aad.
317 1601 346 1650 et
376 1593 408 1651 in
437 1589 645 1666 Aristophanis
671 1592 879 1653 Ecoloainzusts
908 1612 938 1651 v.
959 1598 1019 1653 781
1043 1614 1109 1669 sqq.
1200 1664 1208 1675 .
1288 1632 1298 1643 -

63 1696 144 1736 nunc
158 1684 237 1736 vecte
253 1676 373 1735 iubente
391 1684 576 1750 optnmorum
590 1676 732 1735 librorum
746 1680 916 1737 auctoritate
930 1674 1039 1737 editum
1052 1688 1111 1738 est:

240 1800 325 1857 Ὅταν
342 1802 396 1874 γὰρ
414 1802 579 1876 εὐχώμεσθα
597 1799 706 1860 (laddum
725 1800 849 1875 τάγαθά,

245 1874 358 1957 ἕνιηκὲν
377 1876 532 1960 davalacum
552 1871 601 1959 τῂν
618 1873 689 1961 ἐφ’
709 1872 828 1957 ὑπτίαν,

247 1960 298 2012 ουχ
316 1942 541 2011 mantolomaus,
559 1945 611 1996 ata
642 1963 717 2005 οπως
734 1964 759 1997 vt
777 1946 901 2014 ληψεναι.

61 2060 129 2123 Nec
159 2060 219 2121 lvuc
245 2061 376 2137 pertinet
410 2084 508 2139 neque
542 2060 678 2125 isocratis
706 2070 898 2143 Puncppvicua
931 2088 962 2141 p.
984 2070 1037 2126 ta.
1060 2086 1112 2125 ue·

60 2168 123 2222 qne
143 2144 353 2207 Demosthenis
382 2149 475 2207 oratio
494 2158 593 2207 ootttra
613 2151 786 2226 Stephanum
807 2149 832 2209 l.
857 2173 885 2226 p.
912 2156 1009 2225 1126,
1039 2156 1111 2224 2l.‚

60 2252 153 2306 quam
186 2228 243 2287 lano
282 2234 396 2289 vocavit
430 2228 587 2309 Retsttus,
632 2254 690 2309 quo
723 2233 759 2293 de
792 2234 853 2293 loco
888 2234 969 2293 iufra
1001 2232 1113 2295 dicetur

60 2323 188 2390 propter
212 2312 299 2371 allam
321 2334 461 2373 caussam.
509 2326 515 2334 ⁴

147 2409 269 2471 Etenim
295 2415 354 2472 iam
381 2416 468 2472 venio
498 2413 534 2472 ad
559 2414 679 2473 altarem
708 2408 793 2479 ὥστε
816 2416 974 2491 particulae
996 2418 1111 2495 signiti-

60 2498 221 2571 cntionem,
238 2517 295 2572 qun
311 2500 615 2558 consecutionem
632 2498 802 2559 alicuius
821 2504 877 2559 rei
898 2522 941 2561 ex
958 2508 1111 2563 antece·

59 2581 243 2641 dentibus
274 2583 439 2656 significat,
475 2594 506 2640 ut
536 2580 656 2643 Latinis
687 2584 840 2658 particulis
865 2588 907 2643 ito
936 2596 967 2644 ut
990 2606 1112 2661 respon·

60 2666 140 2723 dect.
182 2660 216 2722 ld
248 2672 345 2724 autem
377 2664 532 2740 dupliciter
558 2666 677 2740 dicitur,
712 2688 798 2742 quem
830 2666 865 2726 ad
894 2670 1011 2729 numum
1033 2678 1113 2731 vecte

59 2751 122 2807 iam
156 2749 322 2807 observavit
355 2746 500 2808 Devarius
532 2750 591 2808 vol.
613 2748 637 2808 l.
659 2772 688 2825 p.
711 2759 799 2825 221„
832 2760 863 2811 ut
884 2764 933 2811 ant
954 2753 1002 2831 id,
1034 2755 1111 2814 unde

58 2834 252 2905 consequitor
281 2830 373 2906 illud,
405 2832 481 2909 quod
514 2832 670 2892 introducit
702 2828 788 2897 ὥστε
821 2838 978 2912 particula,
1011 2848 1112 2912 aperta

59 2916 240 2975 declaratum
278 2918 316 2975 sit
353 2926 382 2975 et
416 2916 537 2977 delinita
559 2920 705 2993 positum,
742 2929 792 2976 avrt
813 2938 853 2977 ex
875 2916 1111 2983 avvtccedentibua

59 2998 225 3060 eruendum
246 3009 277 3058 et
298 3000 503 3075 explicandum
527 3002 667 3060 videatur.

148 3098 241 3160 Recte
262 3102 350 3159 etiam
370 3095 507 3161 lanciam
529 3101 687 3177 explicavit
710 3099 857 3161 Devarius
879 3120 942 3163 cum
960 3104 1110 3165 infinitivo

60 3186 177 3260 pariter
197 3193 286 3257 atque
304 3177 463 3245 indicativo
484 3187 556 3260 poni
577 3180 661 3248 ὥστε
683 3185 871 3261 particulam,
891 3186 941 3245 sed
959 3186 1031 3245 illud
1051 3208 1111 3247 uon

59 3276 143 3327 recte
167 3269 369 3344 pronuntiavit
396 3288 483 3344 posse
504 3271 593 3329 etiam
615 3290 681 3329 cum
702 3272 831 3345 optativo
853 3272 991 3347 coniungi
1014 3266 1108 3345 ὥστε,

61 3350 146 3427 quod
176 3372 237 3411 non
271 3352 304 3411 fit
324 3354 396 3411 ¹nisi
429 3354 461 3411 iu
489 3355 620 3413 anticam
645 3354 764 3429 obliqua
785 3362 848 3430 eut,
879 3354 908 3415 id
931 3354 1009 3431 quod
1030 3354 1110 3416 idem

60 3447 130 3511 est,
161 3437 354 3511 praecedente
384 3435 442 3496 alio
475 3441 624 3513 optativo,
656 3439 708 3497 ubi
739 3440 843 3497 usitato
880 3460 962 3499 more
995 3440 1108 3501 dicendi
1139 3456 1143 3464 “

61 3522 210 3597 optativus
229 3523 320 3579 vicem
342 3524 420 3598 gerit
438 3520 603 3596 indicativi,
624 3522 713 3581 veluti
734 3524 767 3581 iu
785 3520 995 3600 Xenophontis
1020 3528 1108 3585 Oeco-

59 3608 175 3663 nomico
207 3624 267 3681 cap.
294 3612 320 3662 t.
354 3608 381 3677 §.
406 3609 454 3663 13.
486 3607 513 3665 si
541 3606 664 3664 dicitur:
696 3598 739 3667 Εἰ
766 3606 845 3686 γοῦν
865 3628 916 3683 τις
935 3610 1041 3693 χρῷτο
1064 3609 1110 3692 τῷ

59 3680 233 3772 ἀργυρίῳ,
268 3682 355 3750 ὥστε
387 3680 572 3789 πριάμενος
605 3678 678 3751 οἷον
709 3680 863 3767 ἑταίραν,
899 3688 955 3753 διὰ
988 3684 1108 3772 ταύτην

61 3766 182 3833 κάκιον
200 3766 261 3849 μὲν
284 3766 321 3834 τὸ
346 3771 442 3847 σῶμα
464 3768 547 3849 ε’χοι,
571 3765 686 3834 κάκιον
712 3766 749 3835 δὲ
771 3767 829 3855 τὴν
848 3768 970 3877 ψυχήν,
994 3768 1110 3837 κάκιον

60 3850 101 3918 δὲ
131 3849 191 3915 τὸν
217 3842 325 3928 οίκον,
355 3854 429 3928 πῶς
455 3848 494 3915 dv
516 3848 564 3918 ἔτι
586 3848 666 3917 odoi
690 3848 803 3937 yv'tprov
824 3856 915 3954 αυτῷ
939 3846 1109 3939 ὠφέλιμον

59 3931 140 4020 εἴφ’
161 3936 249 3997 Addo
265 3936 388 3997 Luciuni
410 3938 551 4015 ditvlopum
572 3949 655 3998 saort.
703 3936 742 3997 ll.
763 3942 790 4011 §.
805 3946 834 3999 2.
858 3930 1108 4013 ‘inepiscendum

59 4013 89 4083 cd
110 4014 246 4096 Μίνως,
270 4012 419 4104 ὠνάμην,
442 4016 496 4085 lite
517 4017 744 4087 ἐνταῦθα’καί
764 4017 822 4105 τὴν
839 4014 980 4085 Ἑλλάδα
997 4014 1109 4106 φωνὴν

59 4100 246 4180 ἐξέμαθον.
269 4099 355 4168 ὥστε
377 4096 455 4169 nidd
477 4099 579 4189 ταύτῃ
602 4098 703 4169 πλέον
721 4090 817 4180 advoc
835 4100 1001 4187 ἐνέγκαιτό
1020 4126 1110 4183 μον,

59 4208 123 4262 quo
155 4190 187 4246 in
219 4188 282 4247 loco
308 4200 427 4265 propter
448 4189 597 4263 obliquam
617 4191 821 4266 cogitationem
844 4192 991 4265 optativus
1013 4189 1109 4251 locum

58 4270 162 4331 habet.
206 4268 284 4348 Nam
312 4272 390 4347 quod
414 4292 503 4349 saepe
531 4282 596 4349 post
619 4265 664 4347 ὠς
688 4274 858 4349 particulam
880 4276 1023 4351 optativus
1045 4294 1110 4333 cum

61 4347 107 4419 ὒν
139 4356 281 4431 particula
315 4359 452 4437 ponitur,
483 4356 515 4417 id
544 4356 582 4417 ad
611 4356 699 4419 aliam
725 4356 952 4435 disputationem
974 4358 1110 4437 pertinet.

107 4436 150 4501 ll.
861 4446 902 4504 50

1155 2410 1259 2481 Ὥστε,

1161 2485 1201 2539 t'tu
1220 2496 1258 2539 ut·
