2850 4842
528 534 655 611 crta
1071 506 1136 609 ιι

69 740 129 781 ram
144 716 274 778 lsllicsm
292 723 357 787 etc,
378 713 430 774 ubi
444 733 653 791 munmcpera
668 710 828 793 dubitetur,
848 736 920 777 num
931 712 1012 777 utilis
1026 718 1115 779 eliens

71 804 109 861 ad
130 800 237 861 lsellsm
261 802 319 876 sit,
341 798 409 873 sed,
431 801 457 858 si
476 800 536 859 nlla
555 801 588 858 iu
608 820 660 873 re,
687 800 725 859 ad
746 800 858 861 bellum
881 808 994 861 tantum
1015 800 1111 863 modo.

70 884 122 947 Sic
147 888 238 945 etiam
267 886 302 942 iu
327 883 382 941 illo
410 883 492 958 loco,
520 903 610 959 quem
636 881 742 943 adtulit
765 883 914 949 Derarius
938 906 978 947 ex
998 884 1115 948 Aristo·

70 968 329 1051 phuislrtottora
349 987 377 1027 r.
399 971 462 1026 220
482 987 529 1043 sq.

242 1093 346 1151 'Encas‘
366 1092 422 1151 ἀπὸ
439 1095 541 1170 ιαῤῥοῦ
558 1094 721 1159 ιοῦς’θεοῦς
738 1095 931 1174 ὑπερφρονεῖς,

253 1164 314 1220 ἀλλ’
336 1164 387 1221 οὐκ
404 1163 461 1219 ἀπὸ
479 1171 524 1231 τῆς
539 1167 599 1235 γῆς,
618 1169 712 1240 εἴπερ,·

71 1288 251 1367 significetur
280 1286 351 1346 deos
372 1287 493 1362 quidem
513 1309 674 1363 numquam
694 1288 920 1349 contemnendos
942 1311 1024 1368 esse,
1051 1294 1114 1370 se'd,
1178 1354 1183 1365 ,

8 1383 9 1456 ᾗ
71 1378 95 1431 si
114 1372 203 1449 edeo,
230 1375 358 1430 miratur
383 1390 435 1429 cnr
458 1392 498 1431 ex
518 1370 651 1433 machina
672 1373 801 1447 pensili,
821 1396 881 1433 non
903 1396 943 1436 ex
964 1384 1040 1437 terra
1061 1378 1115 1437 hoc

51 1458 164 1515 dedat.
206 1454 305 1515 Nullo
326 1462 423 1513 autem
444 1454 530 1514 modo
549 1459 581 1514 iu
602 1459 754 1531 superiore
774 1456 826 1515 illo
847 1456 1019 1521 Aristotelis
1039 1458 1115 1537 loco,

73 1540 102 1600 id
121 1540 198 1613 qood
219 1542 388 1615 suspicatus
409 1534 454 1598 est
472 1538 617 1598 Devarius
635 1562 666 1615 p.
691 1547 752 1615 13,
772 1543 836 1600 veri
857 1544 954 1604 sintile
974 1553 1020 1605 est
1039 1548 1115 1604 anti-

72 1627 167 1698 quitus
193 1626 253 1682 scri
278 1633 342 1681 tum
367 1623 477 1682 luisse:
507 1613 577 1684 ἀλλ’
601 1612 700 1706 ἤπερ.
747 1620 826 1683 Nam
854 1631 988 1702 apprime
1015 1636 1115 1705 aptum

74 1719 115 1767 est
136 1707 211 1766 illud
266 1726 335 1791 περ
355 1704 393 1765 ad
414 1708 503 1765 totius
524 1707 581 1764 loci
598 1708 784 1774 sententiam.

151 1820 185 1883 Ρ.
202 1828 270 1889 14„
289 1820 437 1882 Derarius
457 1826 500 1881 ait
521 1816 590 1885 ἀλλ’
609 1814 629 1907 ἢ
648 1824 796 1883 interdum
816 1845 871 1900 pro
886 1826 1013 1903 simplici
1029 1816 1115 1891 ἀλλὰ
1149 1836 1180 1889 P.
1199 1831 1242 1884 ld.

74 1928 145 2050 aq:
165 1911 339 2066 muzae,
368 1915 401 1964 ut
427 1906 483 1965 lroc
510 1906 705 1984 demonstret,
731 1907 945 1985 Aristophanis
970 1932 1057 1972 versu
1079 1910 1116 1971 de

271 2100 331 2157 corr
352 2101 411 2156 olda
430 2099 454 2171 γ’
476 2094 568 2156 εἷλκον
584 2098 667 2156 οὐδὲν
681 2098 801 2175 Ἀργεῖοι
817 2100 932 2173 πάλιν,

272 2168 328 2224 ἀλλ’
347 2166 364 2238 ἢ
382 2173 542 2240 καιιιγέλων
559 2172 615 2225 τῶν
631 2173 912 2243 ταλαιπωρουμένων.

77 2291 145 2353 Sed
158 2312 218 2354 rem
238 2294 281 2353 ita
301 2314 336 2353 se
355 2314 416 2353 uon
436 2290 545 2351 habere
564 2289 651 2350 facile
668 2292 886 2369 intellegamus,
907 2295 935 2355 si
953 2295 1052 2369 paullo
1072 2318 1118 2357 ac-

77 2380 201 2437 curatius
227 2380 262 2437 in
287 2379 349 2439 rins
375 2397 409 2436 uc
436 2384 570 2435 naturum
593 2372 698 2434 lterum
723 2376 932 2453 particularum
955 2380 1118 2455 inquisive-

78 2482 174 2523 rama.

158 2560 258 2640 Quem
280 2559 317 2619 ad
337 2560 455 2620 modom
470 2559 549 2619 enim
564 2557 710 2620 Derarius
722 2569 822 2621 noster
832 2582 863 2636 p.
878 2564 926 2621 14.
941 2561 1073 2624 dubitare
1084 2584 1117 2625 se
1130 2563 1196 2619 'stt'
1216 2559 1241 2634 ἦ.

80 2646 129 2720 ait,
150 2656 246 2704 utrum
268 2646 427 2720 particulae
448 2633 518 2705 ἀλλ’
544 2634 575 2727 ἤ,
596 2664 672 2719 quae
692 2646 753 2703 iam
773 2649 935 2721 antiquitus
955 2668 974 2706 e
995 2645 1116 2709 Graecis
1148 2674 1180 2721 p,
1198 2668 1243 2721 ll·
1300 2640 1309 2647 ’

79 2729 119 2786 its
142 2732 279 2805 usurpari
297 2736 415 2803 coeptae
436 2734 551 2802 esseut,
576 2736 608 2785 ut
629 2748 719 2786 uuem
740 2732 825 2804 quasi
846 2734 995 2791 notionem
1015 2734 1117 2807 expri-

78 2830 159 2871 mere
186 2812 372 2887 riderentur,
400 2832 489 2885 quom
508 2831 569 2870 non
589 2812 676 2870 facile
697 2831 714 2869 a
736 2834 884 2887 quoquam
903 2814 979 2873 illud
1000 2826 1118 2891 reputa·
1159 2810 1163 2815 ¹

79 2902 172 2969 retur,
194 2916 253 2971 quo
271 2896 355 2955 modo
374 2896 446 2954 illae
465 2896 553 2953 istam
573 2894 817 2970 significationem
831 2900 1018 2975 accepissent,
1039 2920 1119 2959 com·

77 2978 195 3055 positae
221 2986 318 3040 essent
341 2998 383 3039 ex
402 2980 501 3038 verbis
523 2968 605 3039 alltc
626 2986 656 3037 et
675 2966 715 3060 ἤ,
746 2978 825 3054 quod
844 2978 975 3041 llererio
994 3002 1064 3043 sane
1084 2984 1119 3043 in

51 3127 59 3144 ,
78 3062 230 3139 plerisque
249 3062 320 3122 locis
340 3063 450 3123 lactum
472 3081 538 3123 esse
558 3059 723 3135 rideretur,
751 3082 789 3119 an
810 3072 973 3124 constarent
993 3086 1033 3124 ex
1049 3087 1118 3140 par·

79 3146 172 3204 tioulis
193 3136 283 3209 «itte
303 3152 333 3205 et
352 3134 384 3230 ἦ,
403 3144 436 3205 id
457 3143 534 3220 quod
555 3143 607 3202 ille
627 3142 800 3218 quibusdam
820 3147 854 3204 in
873 3146 945 3205 locis
963 3138 1119 3221 admodum

78 3230 228 3303 probslrile
257 3250 323 3289 esse
346 3232 476 3305 putarit,
503 3227 607 3287 eodem
634 3245 757 3301 prorsus
784 3227 870 3288 modo
894 3248 988 3304 usque
1006 3230 1043 3289 ed
1063 3229 1119 3291 lroc

78 3318 187 3388 tempos
219 3334 239 3371 e
270 3313 361 3373 doctis
391 3310 553 3371 dubitatum
583 3308 654 3386 est,
675 3330 751 3386 quae
779 3310 884 3371 harum
913 3316 1012 3372 verior
1040 3320 1119 3374 esset

79 3399 232 3457 sententia.
281 3394 330 3457 Ac
356 3406 456 3455 nostro
483 3394 602 3471 quidem
630 3404 761 3469 tempore
788 3414 824 3454 ea
850 3398 1011 3472 sententia,
1044 3418 1120 3473 quae

77 3482 159 3541 nobis
184 3478 309 3556 quidem
330 3480 446 3541 ridetur
474 3482 561 3539 unice
588 3498 660 3538 sera
690 3498 769 3553 esse,
799 3499 817 3537 a
845 3482 1041 3555 grammaticis
1068 3502 1120 3542 ex·

77 3562 211 3639 plicando
238 3573 327 3639 atque
353 3562 572 3639 interpretando
598 3564 641 3620 ita
666 3563 817 3621 obscurata
839 3570 899 3639 est,
925 3573 957 3623 ut
981 3586 1019 3623 no
1041 3584 1120 3625 nnnc

79 3646 194 3720 qnidam
233 3649 309 3708 satis
345 3649 411 3722 spei
447 3648 508 3723 sit,
544 3646 631 3719 lore,
670 3653 704 3703 ut
741 3644 859 3705 tendent
893 3646 1050 3722 aliquando
1086 3650 1121 3707 iu

78 3750 162 3789 soen
195 3750 304 3791 omnes
336 3730 507 3789 concedant'
524 3729 711 3789 senteutiam.
775 3726 836 3789 Sed
869 3732 964 3790 rarius
996 3731 1033 3789 de
1065 3729 1121 3789 hac
1153 3788 1158 3799 ,

77 3814 199 3873 formula
226 3816 389 3873 sententias
416 3820 546 3873 accurate
565 3814 743 3914 copioseque
762 3814 823 3872 iam
843 3815 1040 3888 examinavit,
1070 3812 1122 3889 qui

78 3896 256 3973 singularem
287 3902 332 3955 De
361 3897 503 3972 fommlae
537 3884 600 3958 ἄλλ
641 3886 663 3977 ἢ
697 3906 724 3955 et
755 3894 888 3971 officim
914 3897 1122 3976 particulatam

6 4015 7 4022 ι
77 3989 138 4055 post
168 3984 334 4057 nepetiosce
360 3980 405 4039 oel
433 3983 581 4055 copatione
605 3980 759 4037 scotomiae
784 3989 988 4057 mercatos-uos
1015 3988 1122 4039 coloro

77 4070 103 4119 st
126 4082 179 4121 see
207 4064 327 4137 scripsit
354 4064 628 4122 commentationem
653 4060 803 4137 ediditque
830 4061 1017 4139 Bruusuigae
1043 4080 1122 4121 enno

78 4140 403 4221 uocemue,
441 4142 481 4205 G.
514 4143 551 4204 T.
585 4142 629 4203 Α.
662 4133 858 4220 limegams,
895 4166 924 4219 p.
967 4152 1045 4203 1-
1068 4153 1119 4205 21.

78 4226 138 4305 (lsi
165 4232 226 4289 etsi
257 4230 329 4287 satis
360 4228 519 4304 diligenter
548 4226 752 4301 subtiliterque
781 4227 925 4302 pleraque
953 4237 1121 4303 persecutus

78 4320 143 4387 est,
172 4313 261 4371 nobis
291 4319 392 4371 temen
421 4330 484 4372 nou
516 4311 548 4372 id
579 4309 729 4372 adsecutus
758 4312 828 4370 'esse
857 4311 993 4387 ridetur,
1023 4322 1055 4373 ut
1084 4313 1121 4373 de

78 4396 191 4473 origine
223 4393 311 4456 tum
341 4393 487 4457 formulae
515 4396 549 4455 in
576 4396 640 4454 eius
668 4395 843 4455 seutentiam
867 4395 986 4457 concedi
1012 4403 1121 4474 posset.
