2850 4842
401 423 469 511 pt,
501 424 552 511 γὲ
575 380 822 511 conpote.
1070 408 1150 499 281

77 594 155 657 inde
184 594 291 654 dieitur
319 582 379 673 οὐχ
407 579 507 679 ἧττόν
533 616 588 681 pa,
619 605 652 655 ut
675 595 733 657 boc
760 598 825 658 t'ers
849 599 1025 674 cogitatione
1047 602 1137 659 tacita

79 678 284 755 supplendum
309 680 362 737 sit:
392 684 445 737 atat
463 700 520 739 noo
539 682 614 758 ptus,
638 702 696 741 nou
715 686 809 741 suiuus
828 684 939 760 quictem
961 683 1050 757 piebis,
1074 694 1136 743 tum

81 765 210 823 dicitnr:
239 758 342 845 μηδὲν
368 754 472 846 ταύτῃ
498 784 534 843 ye
562 757 729 849 κομήσῃς,
760 766 820 825 noli
843 771 874 825 ta
896 786 930 827 eo
949 767 1072 844 qumana,
1101 769 1135 827 de

83 850 153 906 attis
177 846 262 905 rebus
280 866 337 904 non
358 846 492 921 tapedia,
517 848 651 922 planiori,
681 848 809 922 denique
830 844 884 911 ὅτι
905 870 942 931 ys
965 846 1134 932 ζητεῖςέἱο

83 934 216 1009 ponitur,
234 938 266 987 nt
282 928 476 1003 supplendum
496 932 549 989 sit:
572 931 604 990 ob
622 950 832 1011 ennc'ouussooo
845 932 964 1008 quodem,
982 935 1056 1009 quod
1069 944 1131 1005 eta,

84 1034 163 1089 ‹Jnce
194 1016 339 1072 sententia
367 1014 432 1087 ipsa
461 1033 577 1089 quoqne
607 1035 667 1072 uon
698 1025 793 1089 potest
821 1016 963 1089 explicari
991 1018 1050 1075 nisi
1078 1038 1133 1091 per

85 1097 232 1172 quandam
254 1097 390 1171 ellipsin:
420 1103 505 1159 etium
526 1103 553 1157 si
576 1097 609 1155 de
632 1098 699 1157 odiis
721 1104 840 1169 caussis,
864 1120 920 1158 nou
939 1100 973 1157 dc
993 1100 1047 1157 buc
1067 1106 1132 1175 qrat-

84 1182 147 1240 deut
168 1200 282 1250 curtasse,
304 1182 378 1257 (prod
398 1190 447 1239 eto.
491 1180 538 1240 De
560 1183 682 1255 repetita
701 1184 733 1239 in
754 1204 813 1240 una
831 1185 975 1241 sententia
991 1184 1132 1255 particula

83 1262 121 1345 γὲ
142 1263 222 1323 idem
243 1263 410 1321 habendum
432 1272 485 1341 est,
507 1266 585 1324 conl.
607 1262 761 1340 Sophoclis
774 1267 850 1345 Ι061.
873 1266 970 1325 Goion.
990 1286 1019 1324 s.
1038 1270 1111 1325 981.

206 1396 273 1455 Πῶς
292 1393 321 1464 γ’
343 1390 379 1449 ἂν
398 1391 474 1465 τόγ’
496 1384 566 1450 deor
582 1392 692 1469 πρᾶγμ’
715 1393 751 1451 ἂν
768 1392 878 1457 eludatur
897 1398 1012 1466 ψέγοιςς

84 1516 122 1579 de
150 1537 209 1591 qno
232 1516 297 1575 loco
328 1526 406 1577 recte
434 1519 494 1576 iam
516 1520 702 1577 existumavit
726 1516 778 1576 Fr.
799 1517 953 1576 Ellendtns
974 1520 1006 1577 iu
1031 1510 1135 1579 lenta

86 1601 241 1677 Sopbocleo
261 1600 320 1659 vol.
342 1600 365 1661 l.
388 1624 417 1677 p.
442 1606 529 1674 348„
555 1604 606 1676 qui
627 1605 669 1661 sic
688 1601 796 1661 Latine
816 1602 958 1660 reddidit:
985 1604 1129 1671 Quomodo
1169 1654 1172 1667 ,

84 1686 203 1761 «pridem,
226 1686 300 1761 qttod
321 1706 364 1743 tue
385 1694 456 1743 corto
477 1687 586 1745 uolortto
608 1689 722 1759 (possis
743 1688 847 1744 etiam:
870 1706 914 1743 rue
934 1686 1043 1744 uolente
1064 1692 1129 1763 qart-

84 1769 163 1839 deru)
187 1768 296 1840 [romanu
319 1778 372 1839 est,
395 1774 456 1826 trare
479 1768 638 1845 vituperes?
663 1778 695 1827 nt
719 1768 795 1827 bunc
820 1788 938 1844 quoque
961 1769 1056 1827 locum
1074 1791 1129 1843 per

84 1852 200 1926 ellipsin
231 1853 317 1911 tacite
348 1852 465 1927 quidem
490 1853 698 1912 instituendam
726 1852 930 1928 explicandum
954 1874 1019 1914 ease
1039 1853 1128 1913 facile

82 1956 118 2009 ap
141 1944 232 1994 areat.
402 1998 407 2012 .
847 1979 851 1987 .

122 1960 138 2010 p
166 2018 227 2077 Sed
254 2018 290 2078 de
322 2020 458 2077 universa
485 2016 573 2078 buius
601 2019 760 2095 particulae
783 2022 813 2079 ri
835 2042 867 2078 ac
888 2027 1033 2095 potestate
1053 2018 1127 2079 hoec

81 2104 152 2161 satis
174 2103 246 2161 dicta
270 2111 365 2161 sunto.
408 2100 508 2161 Facile
529 2106 609 2162 euim
630 2108 757 2178 quisque
780 2124 814 2162 ea
836 2104 985 2178 exempla,
1011 2124 1087 2178 quae
1109 2125 1127 2163 a

81 2188 166 2247 nobis
188 2184 235 2245 bic
254 2196 326 2245 tacta
351 2207 411 2244 non
431 2196 516 2263 suut,
539 2198 678 2246 anostra
700 2189 814 2245 ratione
835 2188 965 2245 iudicans
986 2190 1126 2260 persequi

81 2273 147 2345 ipse
175 2274 289 2347 poterit.
332 2266 493 2345 Reliquum
524 2280 585 2343 est,
615 2280 647 2329 ut
676 2268 713 2329 de
741 2270 864 2344 singulis
887 2271 1016 2328 locorum
1037 2289 1126 2343 geue·

82 2357 173 2428 ribos,
193 2358 223 2413 in
246 2356 352 2431 quibus
373 2354 443 2413 baec
461 2356 602 2430 particula
619 2374 641 2418 a
655 2351 775 2414 Graecis
795 2347 879 2427 ‹junsi
895 2352 1032 2411 sollemni
1053 2374 1126 2426 qno-

82 2436 147 2496 dam
178 2460 260 2500 more
291 2442 426 2513 usurpari
454 2434 545 2499 ²solita
574 2448 635 2515 est,
667 2440 769 2513 paucis
801 2458 993 2512 exponamus.
1045 2434 1123 2497 Nam
1212 2432 1236 2445 ’”

81 2544 256 2601 qtramqnam
284 2544 323 2581 ne
356 2526 389 2581 in
419 2520 467 2582 bis
497 2522 616 2597 quidem
643 2523 717 2581 locis
748 2522 807 2581 alia
836 2524 880 2580 sis
907 2520 1066 2597 particulae
1087 2516 1125 2599 γὲ

80 2608 260 2679 agnoscenda
291 2616 335 2666 est
367 2616 454 2681 atque
480 2610 513 2665 in
543 2610 645 2666 ceteris
675 2606 747 2666 locis
771 2607 923 2681 omnibus,
956 2617 1053 2665 tamen
1079 2605 1124 2663 lo·

79 2692 190 2765 qneudi
215 2691 420 2749 consuetudine
449 2693 531 2765 qtrasi
558 2684 704 2765 quaedam¹
726 2690 840 2749 dicendi
865 2690 1009 2750 formulae
1037 2699 1123 2751 natae

79 2783 161 2847 sunt,
183 2794 253 2845 quas
272 2796 330 2833 uon
350 2777 620 2849 praetermittendas
643 2795 708 2839 ,esse
730 2778 864 2838 arbitror.

168 2856 215 2917 Ac
233 2860 352 2931 primum
370 2860 488 2933 quidem
504 2862 536 2918 in
556 2860 889 2918 exclamationibus
909 2868 998 2933 atque
1016 2865 1120 2936 opta·
1198 2854 1235 2908 st

77 2940 251 2999 tionibus
272 2962 391 3017 magnus
413 2964 445 3000 ac
466 2962 543 3017 pene
564 2942 723 3017 singularis
745 2958 821 2999 usus·
835 2953 879 3000 est
900 2943 1059 3016 particulae
1073 2937 1119 3022 γέ,
1135 2946 1303 3026 inexctens·

78 3026 158 3083 euius
172 3026 214 3083 rei
227 3026 336 3101 aliquot
352 3028 487 3101 exempla
501 3030 559 3083 iam
576 3026 767 3099 supraposita
782 3034 869 3097 atque
884 3026 1029 3098 explicata
1042 3034 1119 3082 sunt.
1178 3024 1258 3068 ⁰⁰²⁰·

76 3106 158 3171 Addi
180 3117 277 3185 potest
297 3109 507 3185 Aristophanis
527 3110 608 3168 locus
631 3130 648 3167 e
674 3106 976 3183 'l'lscsmopboriuzusb
997 3128 1026 3168 v.
1048 3109 1119 3166 615.

120 3224 128 3239 “
283 3220 381 3277 Πολὺν
397 3243 430 3293 ys
444 3218 550 3298 χρόνον
568 3220 659 3294 οὐρεῖς
675 3216 730 3275 aa·

74 3325 123 3386 lbi
143 3328 229 3389 facile
250 3330 441 3406 intellegitur,
465 3332 568 3389 ceteris
592 3330 679 3387 rebus
701 3328 817 3387 omissis
838 3325 874 3383 ds
894 3324 982 3400 longo
1000 3321 1120 3396 quidem

76 3422 205 3487 tenpore
235 3413 401 3473 adseverari
432 3434 483 3489 per
511 3409 548 3495 ys*
578 3410 756 3489 particulam.
807 3407 870 3468 Nec
896 3428 944 3468 res
974 3406 1030 3465 boc
1053 3406 1119 3465 loco

74 3499 325 3556 commemoranda
349 3498 512 3572 videretur,
544 3500 603 3559 nisi
626 3492 933 3571 quaedamlormulae
953 3490 1022 3549 binc
1042 3513 1120 3550 com·

73 3584 185 3654 positae
215 3590 329 3656 essent,
361 3584 393 3639 in
426 3584 532 3657 quibus
562 3584 656 3655 prima
691 3600 724 3637 ac
752 3581 852 3640 nativa
882 3579 927 3634 vis
960 3577 1119 3649 particulae

70 3666 173 3738 paullo
195 3664 340 3724 difficilius
357 3666 546 3742 intellegitur.
592 3663 710 3721 Etenim
726 3683 785 3720 nou
801 3661 895 3724 solnm
909 3663 940 3717 in
958 3662 1021 3717 eius
1039 3658 1119 3717 modi

72 3752 232 3807 enuntiatis
252 3770 314 3807 carm
337 3750 479 3809 adverbiis
501 3748 672 3825 quibusdam
694 3750 788 3823 aptius
810 3748 961 3814 coniuncta
977 3744 1120 3818 particula

72 3842 133 3908 est,
163 3833 261 3913 qsralia
290 3843 373 3897 snut:
412 3824 463 3896 Εὖ
484 3855 537 3915 γε,
568 3828 687 3907 Καλῶς
708 3853 760 3914 γε,
783 3822 919 3908 Ὀρθῶς
940 3849 991 3909 γε,
1021 3821 1119 3889 Πάνυ

69 3936 118 3997 γε,
141 3911 282 3999 Σφόδρα
295 3938 340 3997 γε.
364 3912 473 3979 Mota
488 3938 524 3997 ys
538 3927 565 3975 et
580 3915 697 3991 sirnilia,
719 3916 755 3975 da
772 3916 889 3990 quibus,
912 3934 1000 3987 quom
1015 3911 1118 3970 eodem

68 3998 158 4057 modo
189 4004 277 4059 etiam
307 4004 340 4065 in
372 4004 564 4076 responsione
593 4000 689 4065 locum
716 3998 860 4071 babeant,
891 4000 970 4059 iufra
992 3994 1118 4055 'dicendi

66 4084 151 4143 locus
176 4087 248 4161 crit,
273 4085 326 4144 sed
347 4107 412 4144 cnm
431 4088 504 4160 ipsis
527 4106 644 4161 quoqne
668 4082 853 4143 exclamaudi
874 4081 1042 4157 particulis,
1066 4098 1117 4138 re·

66 4166 125 4230 lati
149 4168 183 4229 iu
204 4167 417 4247 Aristophanis
438 4174 513 4229 Pace
535 4170 638 4229 dicitru
658 4188 686 4227 v.
709 4170 782 4223 280.

288 4302 372 4375 Οἶμαι
389 4298 479 4369 τάλας,
497 4303 576 4371 οἶμοι
589 4317 621 4369 ys
638 4292 701 4355 orde'
722 4298 799 4363 οἴμοι
815 4287 910 4370 μάλα.ἲ
