2850 4842
276 484 341 551 348
590 480 655 567 γέ,
688 478 735 564 γε’
763 502 854 557 τοι,
886 481 1018 566 pois„

277 650 491 741 Cinereplronr
525 640 599 713 ‘Ere'
630 640 711 713 αιἰιό
740 646 778 730 γέ
802 670 857 712 sos
882 650 982 713 τοῦτο
1009 647 1207 736 πάρεσμεν.,
1243 660 1325 733 quod

276 740 377 814 plane·
391 734 547 811 respondet
575 744 688 792 nostro:
720 737 755 791 ln
783 733 847 812 oter
873 735 1100 804 diesat.Alrsicltt
1126 742 1193 797 situl
1212 748 1324 820 wir‘ju

276 826 346 884 tlocls
374 822 421 879 clu.
466 818 516 878 Sic
543 820 574 875 iu
602 820 762 875 notiseuma
783 818 834 874 illa
854 817 995 877 formula:
1026 816 1177 900 Ae'yesat'
1197 828 1234 904 γέ
1256 848 1321 898 sot,

276 906 420 983 quaedam
441 904 632 978 oppositionis
655 903 730 958 ratio
752 898 883 973 habetur,
902 903 936 958 in
956 902 1044 961 alters
1066 926 1125 962 non
1144 910 1244 967 miuus
1260 914 1323 970 uai-

277 1003 351 1050 totn:
389 980 538 1067 Λέγεταί
567 1005 603 1063 ye
630 977 687 1065 δή,
722 986 870 1057 oppositio
901 986 981 1043 nulla
1009 996 1064 1045 est.
1115 987 1176 1049 Sed
1204 991 1260 1050 lroc
1287 998 1323 1053 iu

276 1062 400 1149 singulis
421 1072 490 1128 locis
512 1070 596 1127 lac-ile
615 1070 741 1141 quisque
757 1069 861 1125 viderit
877 1070 949 1141 ipse.
992 1066 1190 1133 conserantur
1205 1088 1323 1149 praeter

276 1156 412 1230 exempla
445 1176 462 1211 a
496 1152 622 1210 [levario
655 1154 752 1224 posita
783 1171 858 1224 quae
894 1150 932 1209 ll.
965 1151 1114 1215 Poreonus
1146 1160 1250 1217 adtulit
1282 1162 1322 1220 ad

276 1239 429 1315 Euripidis
451 1237 582 1296 Mcrlcurtt
607 1255 633 1292 v.
648 1231 776 1291 865..G.
794 1232 980 1293 Hermaunus
994 1238 1031 1295 ad
1045 1235 1189 1311 Vigerum
1204 1266 1231 1317 p.
1246 1249 1319 1303 828.

277 1326 323 1387 ed.
341 1334 405 1383 tert.
429 1319 505 1377 Phit.
522 1318 716 1377 Buttmannus
736 1316 774 1376 sd
788 1316 919 1377 Platonis
940 1320 1071 1396 dialogos
1087 1320 1146 1383 Ν.
1168 1327 1202 1383 iu
1223 1327 1322 1389 indice

277 1430 302 1468 s,
324 1430 352 1471 γ,
377 1402 416 1468 ‘d'
457 1407 571 1461 ).·2l4·
959 1418 962 1422 ’

93 1508 144 1565 'pp
159 1530 200 1566 u„
216 1504 259 1581 pp,
360 1426 458 1563 hlapil
477 1490 564 1545 etium
585 1490 706 1559 apparet
725 1484 796 1558 qnid
816 1483 991 1546 discriminis
1011 1490 1051 1547 sit
1072 1491 1148 1548 iuter
1167 1487 1204 1570 γὲ
1226 1488 1268 1573 dr)
1292 1501 1324 1552 et

277 1572 315 1659 γέ
334 1596 397 1645 τοι,
419 1574 445 1631 si
468 1570 583 1645 quondo
603 1572 641 1627 ita
664 1569 824 1633 cumulatae
843 1590 896 1627 eae
918 1571 1079 1645 particulae
1094 1583 1171 1649 aurit,
1193 1588 1223 1633 ut
1245 1577 1325 1635 dicu-

187 1652 190 1659 ’
254 1654 403 1799 ,ΙιιιΗγὲ
429 1676 482 1717 τοι
510 1647 569 1737 dp',
597 1654 689 1714 ueluti
715 1655 748 1711 iu
776 1650 931 1727 Sophoclis
962 1656 1068 1733 Oedipo
1089 1678 1153 1733 rope
1175 1680 1203 1720 t.
1229 1667 1324 1723 titis.

276 1742 323 1804 ed.
376 1742 447 1800 erm.
565 1755 570 1769 ¹

469 1819 571 1897 liflr'ou
590 1820 625 1885 γέ
644 1836 682 1870 rot
701 1813 736 1878 riri
754 1822 820 1876 παῖς
836 1815 969 1890 ἓκλῇζεῖἰ·
988 1816 1004 1879 ἡ
1021 1818 1049 1872 d'
1070 1820 1123 1875 ἔσω

470 1882 589 1938 ealltos’
610 1880 647 1939 ἂν
666 1888 740 1938 ulnus
759 1882 793 1953 σὴ
811 1879 882 1955 yurr‘p
901 1878 960 1939 τάδ’
980 1882 1019 1947 ὠς
1036 1889 1111 1957 ἔχει,

278 1993 356 2069 quod
379 1992 447 2051 dicit
471 1984 596 2049 lnmulus
617 1992 673 2069 ita,
699 1999 731 2047 ut
752 1992 878 2064 primum
899 1992 1048 2065 particulis
1069 1986 1107 2075 γέ
1128 2014 1181 2057 τοι
1204 2014 1319 2055 omnent

276 2078 487 2153 oppositionem
509 2072 654 2147 excludat,
675 2073 782 2132 deiude
803 2075 912 2134 adiectu
935 2072 974 2157 dr}
996 2079 1219 2151 particularem
1234 2084 1320 2153 quasi

278 2182 337 2221 non
365 2161 483 2219 dubiam
509 2155 669 2215 adseveret.
712 2156 884 2233 Eodemque
906 2161 992 2217 modo
1013 2159 1060 2219 his
1084 2164 1227 2237 particulis
1250 2186 1322 2223 unns

277 2254 322 2305 est
347 2247 435 2304 etiam
462 2242 547 2301 Plato
573 2242 745 2316 aliquoties,
774 2243 866 2302 veluti
891 2245 924 2300 in
949 2243 1001 2305 lib.
1023 2240 1066 2303 V.
1093 2248 1126 2303 ds
1154 2267 1183 2305 re
1208 2248 1324 2323 publicu

278 2327 358 2388 Part.
388 2326 444 2389 lll.
476 2325 536 2385 vol.
564 2323 588 2387 l.
621 2346 650 2399 p.
679 2331 740 2384 266
769 2347 812 2401 sq.
846 2326 890 2385 ed.
919 2324 1017 2385 Betk.
1046 2350 1074 2403 p.
1102 2333 1175 2388 476.
1202 2329 1242 2387 D.
1275 2332 1324 2391 ed.

278 2411 319 2471 H.
341 2410 456 2487 steph„
477 2400 527 2468 ulli
547 2416 701 2483 postquam
716 2406 852 2469 Socrates
873 2411 969 2468 dixit:
1002 2407 1045 2475 Τι’
1065 2400 1122 2474 οὖν
1143 2446 1181 2457 -
1205 2410 1325 2490 ἕξομέν

277 2516 310 2559 τι
332 2482 740 2575 παραμυθεῖσθαιιιῦιὸν
762 2489 817 2563 ,καὶ
838 2488 974 2557 πείθειν
994 2486 1099 2576 ἡρέμα
1114 2490 1325 2576 ἐπικρυπτό-

276 2598 373 2656 μενοι
394 2571 448 2642 ὅτι
469 2567 528 2652 οὐχ
547 2566 704 2653 ὑγιαίνεις
743 2574 855 2641 Glauco
875 2579 1043 2647 respondet:
1065 2576 1129 2638 Δεῖ
1144 2575 1182 2652 ys'
1197 2599 1249 2639 sos
1265 2574 1322 2662 δή.

278 2671 308 2722 et
335 2660 410 2718 libro
434 2655 492 2716 Vl.
513 2679 543 2731 p.
569 2664 640 2715 sto,
662 2657 708 2717 ed.
733 2656 832 2719 Betk.
855 2682 886 2734 p.
911 2664 983 2719 504.
1005 2659 1047 2718 A.
1071 2660 1116 2718 ed.
1137 2658 1179 2717 Η.
1201 2658 1323 2739 Steph„

277 2744 329 2802 nbi
349 2742 487 2818 leguntur
506 2737 594 2799 haee:
622 2737 755 2822 Πρέπει
776 2740 814 2823 γε’
832 2764 886 2805 τοι
901 2737 951 2828 δή,
975 2736 1048 2827 ἔφη,
1069 2738 1156 2805 οὕτω
1171 2748 1325 2808 σκοπεῖν.

278 2828 395 2909 Quibus
419 2825 489 2884 locis
510 2822 565 2883 hoc
591 2824 712 2899 dicitur,
746 2826 923 2901 quidquid
952 2838 1076 2885 contra
1104 2826 1183 2885 dici
1210 2850 1324 2903 posse

278 2911 476 2984 videatur,
515 2912 636 2967 ta‘suen
673 2909 806 2969 decere
842 2908 994 2984 quidem
1030 2918 1133 2969 certe
1170 2909 1238 2970 lroc
1268 2913 1322 2971 ita
1423 2919 1424 2922 ’

277 2997 378 3055 lieri.
420 2992 482 3055 Nec
502 2992 588 3052 aliter
608 3008 671 3051 sese
690 2991 779 3051 ltabet
795 2992 881 3069 illud,
903 2994 980 3067 quod
996 2996 1090 3067 posuit
1107 2992 1323 3070 Hoogevecuus

279 3100 297 3139 e
318 3078 447 3139 Htueclro
469 3076 601 3137 Platonis
622 3072 701 3135 Part.
716 3073 740 3133 l.
754 3077 814 3136 rol.
831 3074 855 3136 l.
871 3100 899 3151 p.
915 3080 966 3135 75.
980 3078 1026 3135 ed.
1041 3076 1139 3137 Betk.
1154 3100 1183 3152 p.
1198 3084 1267 3137 264.
1281 3078 1321 3139 Β.

279 3163 325 3225 ed.
341 3161 382 3221 ll.
396 3159 500 3235 Steph.
522 3151 616 3224 Ἔστι
636 3158 674 3240 γέ
689 3180 743 3222 sos
757 3154 808 3242 dri,
830 3149 1054 3244 ὦΣώκρατες,
1075 3155 1219 3245 τελευτή,
1240 3158 1323 3247 περὶ

279 3236 321 3311 οὗ
341 3240 399 3309 τὸν
423 3238 522 3325 λόγον
542 3246 702 3306 ποιεῖται.

362 3328 504 3402 Denique
525 3328 631 3386 similis
652 3346 753 3384 caussa
773 3336 826 3399 est,
847 3328 874 3384 ai
896 3326 1011 3400 quando
1034 3327 1189 3403 particulae
1208 3322 1245 3407 γε’
1266 3321 1321 3389 cos'

279 3433 349 3476 που
373 3414 543 3471 coniunctae
567 3410 721 3486 leguntur,
752 3412 794 3468 uti
817 3409 901 3469 Plato
925 3414 1041 3484 scripsit
1064 3414 1098 3469 in
1122 3413 1195 3470 libro
1218 3408 1261 3469 Χ.
1287 3412 1323 3469 de

279 3495 385 3573 lepidus
406 3494 487 3553 Part.
507 3491 563 3552 lll.
583 3490 718 3557 vul-lll.
739 3515 769 3567 p.
791 3496 861 3552 185.
884 3494 928 3552 ed.
952 3492 1048 3553 Betrk.
1071 3517 1100 3569 p.
1121 3500 1194 3554 888.
1216 3492 1252 3551 E.
1274 3494 1323 3553 etl.

278 3577 321 3639 Η.
344 3576 448 3655 Steph.
482 3566 584 3651 Εἶκός
608 3563 648 3660 ’γέ
674 3570 729 3641 τοί
749 3598 816 3641 που
839 3572 968 3661 σοφοὺς
988 3566 1114 3661 diripere
1134 3568 1249 3661 ὀρθῶς
1269 3574 1326 3641 λέ-

279 3684 373 3744 yatr„
398 3683 456 3739 quo
480 3664 512 3721 in
533 3660 596 3719 loco
618 3655 670 3722 sol
691 3663 822 3719 continet
842 3663 939 3735 istam,
962 3682 1050 3735 quam
1069 3681 1156 3734 saepe
1179 3663 1253 3736 dico,
1274 3660 1326 3719 ad·
1419 3737 1420 3746 ἵ

278 3740 454 3813 versatisam
474 3744 717 3828 adfirmationenr,
738 3744 877 3819 particula
901 3739 968 3806 ποὺ
989 3752 1086 3803 antem
1106 3747 1149 3801 ita
1170 3765 1234 3802 reru
1255 3766 1325 3803 con·
1419 3787 1420 3804 ι

278 3831 386 3904 firmat,
407 3839 439 3887 nt
459 3824 559 3901 aliqua
579 3825 699 3900 quidem
718 3831 831 3887 rstioue
852 3826 906 3885 lroc
925 3829 965 3885 ita
981 3848 1012 3886 se
1026 3826 1136 3887 lrabere
1147 3829 1326 3901 pronuntiet.

61 3942 63 3951 ¹
178 3921 261 3980 Γοῦν.
365 3914 449 3975 Γοῦν
478 3910 636 3985 particula,
666 3920 696 3968 ut
727 3913 826 3972 multis
855 3911 928 3970 locis
958 3914 1045 3970 etiarn
1069 3913 1229 3985 scriptione
1249 3915 1326 3987 ipsa,
1418 3927 1419 3982 1

279 4000 320 4057 sic
356 3998 500 4057 sententia
539 3992 655 4069 quidem
694 4004 772 4053 certa
806 4015 921 4070 semper
950 4004 1148 4069 repraesentat
1175 3998 1327 4054 ambarum

278 4081 503 4158 particularum,
530 4098 570 4137 ex
598 4078 705 4151 quibus
729 4089 853 4154 constat,
883 4081 944 4137 rim
960 4099 998 4137 uc
1020 4087 1204 4153 potestatem.
1248 4079 1328 4139 Nam

278 4169 405 4245 primunr
436 4185 489 4239 per
514 4162 681 4238 particulam
707 4158 743 4241 ys*
769 4163 956 4221 adseveratur
978 4184 1044 4221 cuns
1070 4164 1249 4221 restrictione
1269 4164 1327 4220 nli·
1416 4153 1419 4246 l

279 4249 367 4319 qnid,
396 4249 502 4306 deiude
530 4246 561 4305 id
586 4247 710 4304 relcrtur
737 4245 774 4305 ad
802 4255 985 4320 preaesentoru
1005 4250 1325 4319 recuru=statnrn,.qni

279 4346 319 4385 ex
347 4331 402 4404 iis,
430 4351 506 4403 quae
533 4340 764 4407 antecesserunt,
796 4330 988 4406 explicandos
1018 4350 1083 4391 esse
1113 4329 1261 4390 rideatur:
1292 4328 1325 4386 id
1416 4309 1417 4354 l
