2850 4842
297 442 362 510 276
615 435 680 523 pt,
712 434 760 523 pr?
785 457 881 522 roc,
912 436 1032 518 γοῦν.

300 613 476 690 cogitatione
503 608 588 669 tacita
615 628 692 682 rem
711 608 839 681 aliquam
867 604 1035 667 eiusmodi
1060 604 1261 682 supplendam
1287 628 1348 668 esse

300 698 421 758 iudicari
456 694 618 754 voluerunt.
669 690 855 771 Quamquam
887 691 987 749 multis
1016 692 1049 748 in
1079 690 1152 751 locis
1184 703 1244 750 taur
1275 691 1348 752 lenis

301 781 491 861 oppositionis
514 780 590 835 ratis
611 783 673 850 est,
697 786 743 850 ut,
769 778 796 835 si
820 796 882 833 rem
903 777 1048 849 copiosius
1073 778 1260 850 exponimus,
1282 778 1348 852 plus

300 869 334 927 in
359 884 409 924 eos
435 864 514 922 locos
538 862 648 919 inferre
666 860 840 943 ¹videamur,
871 878 958 933 qnam
983 869 1095 917 vetares
1117 863 1273 933 scriptores
1296 882 1360 930 uto-¹

301 951 420 1009 luerint.
462 944 523 1004 Sed
553 954 649 1011 tamen
678 944 761 1002 nulla
787 944 896 1017 poterit
916 945 1063 1000 contentio
1084 942 1150 1002 lieri
1171 946 1235 1001 eius
1256 944 1346 1015 modi,

303 1053 391 1107 quem
411 1029 499 1088 babet
522 1028 661 1102 particula
683 1024 730 1108 γε’,
751 1030 807 1086 uisi
824 1026 925 1100 plures
939 1046 986 1085 res
1002 1028 1100 1084 animo
1114 1027 1234 1101 quidem
1249 1039 1347 1086 nostro

302 1127 468 1188 teneamus,
504 1112 629 1186 ideoque
658 1131 775 1185 semper
800 1110 910 1185 aliquid
936 1111 1109 1184 cogitatione
1138 1111 1345 1171 adsumendum

303 1210 364 1272 est,
396 1200 482 1257 etiam
512 1199 538 1255 ai
566 1196 596 1255 id
622 1196 779 1254 levissuma
807 1195 989 1269 oppositione
1013 1203 1042 1252 et
1065 1194 1152 1252 celeri
1172 1196 1347 1271 cogitatione

302 1283 371 1349 fieri
392 1281 494 1355 debet,
517 1288 548 1336 ut
569 1281 664 1353 ipsam
685 1300 747 1337 rem
768 1281 958 1352 potissumum
980 1278 1128 1352 obtineas,
1149 1300 1212 1336 uon
1239 1282 1345 1338 tamin

302 1356 355 1427 illo
377 1364 508 1437 haereas,
534 1364 611 1437 quod
632 1362 668 1421 ad
686 1360 889 1437 explicandam
908 1364 1081 1420 sententiam
1095 1363 1197 1435 paullo
1211 1366 1346 1439 pinguim

303 1448 514 1510 adsumendum
540 1466 605 1505 ease
631 1445 773 1505 rideatur.
830 1443 881 1503 Sic
909 1447 941 1503 in
968 1445 1022 1503 illo
1051 1445 1115 1504 loco
1141 1444 1346 1506 Demosthenis

305 1544 376 1594 orat.
406 1532 519 1605 Olprttlr.
549 1527 573 1587 l.
602 1533 630 1601 §.
659 1535 710 1587 27.
740 1528 786 1587 ed.
812 1525 912 1588 Beki.
939 1550 969 1603 p.
1001 1534 1049 1587 17.
1078 1529 1124 1590 ed.
1146 1528 1272 1604 Reisk„
1300 1534 1344 1589 ubi

270 1636 275 1649 ·
305 1617 424 1676 dicitnr:
456 1609 525 1675 Καὶ
552 1603 720 1697 προσέσθ’
745 1605 765 1695 ἦ
792 1606 889 1710 ὕβρις
915 1607 971 1674 καὶ
994 1604 1043 1673 ἔτι
1065 1604 1084 1696 ἡ
1107 1612 1172 1674 τῶν
1194 1608 1347 1697 rrpa'ppu'·

305 1722 371 1763 carr
400 1690 548 1779 adoption,
579 1686 738 1773 οὐδεμιᾶς
760 1687 903 1757 ἔλαττων
926 1690 1044 1776 ζημίας
1065 1698 1136 1770 τοῖς
1155 1718 1194 1773 ye
1217 1692 1346 1779 cappo·
1413 1749 1414 1752 ,

307 1802 380 1852 σαι,
403 1786 460 1857 quo
481 1783 513 1838 in
535 1782 597 1838 loco
618 1800 705 1854 quom
730 1778 944 1837 Demosthenes
966 1800 1025 1836 uon
1047 1780 1221 1854 simpliciter
1243 1781 1345 1839 dixerit

307 1869 380 1939 soie
401 1858 581 2006 supparus,
603 1863 784 1940 prudentibus
806 1863 982 1937 iscariothes,
1005 1862 1058 1921 sed
1078 1866 1150 1937 τοῖς
1165 1886 1205 1945 γε
1218 1861 1346 1946 σώφρο-

307 1968 369 2020 σιν,
390 1968 442 2025 pru
464 1947 571 2007 entibus
592 1946 702 2022 (pridem
723 1946 888 2017 bonrirtibus,
904 1951 1028 2029 apparet
1048 1949 1111 2004 eius
1126 1952 1227 2005 animo
1250 1952 1345 2006 obrec-

306 2042 400 2093 satam
419 2051 482 2090 esse
496 2029 641 2105 quandam
656 2031 882 2105 oppositionem,
904 2030 999 2104 qualis
1014 2030 1119 2089 fuerit:
1143 2025 1174 2093 εὶ
1187 2028 1236 2114 μὴ
1249 2032 1346 2094 πᾶσιν

307 2106 520 2199 ἀνθρώπως,
552 2116 623 2187 τοῖς
653 2106 701 2193 γε’
722 2106 905 2196 σώφροσιν,
938 2121 989 2171 aut
1022 2113 1133 2188 aliquid
1165 2119 1230 2174 eins
1262 2115 1343 2186 modi,

306 2218 483 2276 quamquem
508 2198 605 2255 minus
634 2203 732 2254 exstat
758 2198 815 2254 ista
837 2199 1029 2271 oppositionis
1049 2200 1142 2271 ratio,
1169 2202 1197 2257 si
1215 2199 1343 2269 indicata,

308 2304 397 2359 quam
423 2286 448 2341 si
481 2278 674 2357 ipsisuerbis
707 2278 850 2339 declarata
881 2290 946 2359 est„
984 2280 1154 2355 Eademque
1183 2282 1342 2357 explicandi

307 2370 383 2426 ratio
406 2365 562 2437 obtinenda
583 2374 624 2423 est
646 2367 734 2423 etiam
756 2366 847 2421 iniis
869 2364 952 2439 locis,
974 2366 1006 2422 iu
1029 2368 1135 2439 quibus
1155 2368 1254 2425 minus
1273 2386 1344 2424 com·

308 2449 394 2508 mode
424 2449 558 2507 rideatur
586 2442 645 2506 isto
673 2447 759 2505 modo
786 2447 917 2521 suppleri
946 2469 1034 2523 poasc
1062 2452 1168 2526 oratio,
1199 2450 1287 2510 veluti
1313 2451 1343 2508 in
1412 2509 1413 2520 2

223 2538 229 2545 '
307 2528 520 2605 dnstophanis
540 2530 594 2588 illo
615 2549 655 2588 ax
673 2534 769 2606 Equit.
789 2552 819 2590 r.
843 2536 915 2588 382.

386 2668 443 2730 Ἠν
463 2670 518 2762 ripa
534 2672 619 2742 πυρός
636 2673 664 2743 γ’
685 2674 764 2747 ἕτερα
779 2670 944 2751 θερμότερα,
961 2678 1009 2730 καὶ
1024 2676 1118 2749 λόγων
1133 2679 1164 2733 ἰν
1181 2675 1271 2749 πόλει,

394 2749 449 2799 τῶν
465 2744 588 2797 ιιναιδῶν
598 2742 800 2816 ,ἀναιδέστερον
815 2746 882 2814 aad,

307 2889 365 2945 quo
392 2868 427 2925 in
444 2866 518 2923 ¹loco
544 2868 584 2924 ita
613 2866 735 2925 effertur
761 2861 871 2950 πυρὸς
898 2858 953 2941 pler
978 2852 1150 2943 particulam
1174 2864 1227 2950 γέ,
1260 2875 1292 2925 ut
1316 2869 1342 2925 si

307 2972 421 3011 omnem
449 2957 554 3025 poetae
581 2953 784 3026 cogitationem
811 2972 961 3024 exponere
990 2952 1081 3027 velis,
1109 2957 1150 3011 ita
1175 2952 1340 3027 explicanda

305 3056 354 3096 res
381 3055 444 3094 esse
467 3032 615 3112 rideatur:
640 3040 765 3093 Fuerunt
786 3040 882 3111 igitur,
905 3041 1017 3095 omissis
1039 3037 1154 3114 reliquia
1173 3038 1263 3107 cebris,
1282 3042 1340 3110 ipae

307 3118 417 3197 quidem
438 3117 498 3176 ulia
524 3118 661 3177 solidiora
687 3128 754 3188 ein,
785 3138 960 3193 quamquam
983 3121 1058 3195 ista,
1090 3142 1165 3195 quae
1189 3142 1206 3178 a
1226 3140 1270 3177 ma
1292 3138 1340 3176 ex·

305 3203 475 3277 plicatiouis
500 3221 600 3259 caussa
621 3204 795 3275 interposita
814 3212 890 3276 suut,
912 3204 1001 3262 multo
1022 3204 1119 3263 leuius
1141 3213 1170 3264 et
1192 3203 1338 3263 modestius

306 3306 325 3344 a
343 3294 430 3361 poeta
448 3285 660 3361 significantur.
702 3283 762 3343 Sed
784 3294 878 3344 tamen
899 3308 955 3360 per
975 3290 1145 3362 particulam
1165 3285 1202 3369 γὲ
1217 3285 1339 3359 adsurgit

305 3372 347 3427 ita
369 3368 520 3443 oratioyad
542 3388 649 3426 nomen
671 3361 793 3449 πυρός,
816 3377 848 3426 ut
869 3370 967 3444 aliquo
990 3374 1075 3445 qnasi
1097 3373 1189 3447 gradu
1207 3369 1339 3443 indigeat,

305 3470 361 3525 per
382 3470 469 3525 quem
488 3471 523 3509 eo
544 3454 706 3525 perveniat.
750 3450 819 3530 Quo
837 3455 869 3511 in
890 3453 953 3513 loco
973 3454 1148 3529 explicando
1170 3458 1196 3514 si
1216 3456 1278 3530 quis
1291 3472 1338 3509 no·

305 3543 397 3595 stram
420 3536 563 3593 rationem
586 3535 797 3608 improbaverit
822 3545 910 3611 atque
932 3536 989 3597 boc
1009 3540 1099 3614 dicat,
1127 3547 1239 3597 tanturn
1259 3535 1337 3595 moda

303 3638 375 3677 uoce
401 3618 559 3677 tollendam
585 3638 655 3678 esse
680 3639 781 3677 rocem
802 3614 922 3703 πυρός,
953 3630 984 3679 ut
1005 3620 1042 3680 da
1062 3626 1206 3681 sententia
1225 3625 1337 3691 constet,

302 3710 381 3759 recta
403 3702 455 3759 ille
476 3702 594 3774 quidem
615 3702 651 3760 de
672 3704 858 3761 contentione
879 3707 959 3763 uocis
979 3707 1013 3764 in
1033 3701 1264 3788 νοὼοπυρός,
1288 3698 1336 3759 sed

302 3784 356 3843 illa
374 3793 472 3843 tamen
491 3787 556 3858 ipsa
574 3789 721 3844 contentio
741 3788 820 3847 vocis
838 3787 960 3846 eandem
979 3808 1108 3847 caussam
1121 3793 1206 3848 tacita
1218 3788 1334 3846 denotat.

302 3865 408 3941 ltaque
433 3866 496 3924 rem
522 3866 689 3925 debebimus
718 3878 815 3927 tamen
840 3866 940 3945 paullo
970 3875 1110 3949 pinguius
1136 3874 1335 3945 irrumpere,

303 3952 388 4025 quasi
412 3957 514 4010 nostra
526 3948 638 4037 3lingua
659 3954 806 4027 copiosius
820 3953 923 4013 dicas:
951 3956 1036 4015 Nools
1052 3957 1153 4017 'dciw
1171 3956 1248 4014 Rode
1262 3960 1334 4009 'm

301 4038 471 4110 wcaipsteas
499 4034 552 4093 dos
579 4039 668 4093 Fcaer
688 4037 767 4095 'noct
792 4056 847 4097 oca
874 4039 998 4098 caderes
1014 4044 1136 4115 ‚mapsa
1164 4060 1203 4098 os
1229 4041 1333 4094 Wtrm

251 4190 255 4193 ,
300 4114 471 4191 dbortmffoc
496 4119 633 4189 socrdem,
665 4121 771 4195 quibus
798 4122 896 4181 verbis
921 4124 963 4181 ita
987 4122 1040 4183 illa
1059 4142 1121 4183 vox
1141 4122 1267 4191 aller-tar7
1290 4121 1330 4186 lb
1411 4179 1412 4190 ,

302 4218 479 4272 quamquam
500 4204 552 4260 vix
573 4202 823 4278 qnidqnantgns
841 4204 964 4267 calidius
976 4208 1097 4284 cogitari
1111 4209 1222 4282 poterit,
1241 4210 1334 4258 tames
1411 4201 1412 4204 ’

300 4282 334 4340 in
357 4279 439 4341 chori
458 4286 590 4365 oratione
612 4306 667 4363 per
690 4292 951 4366 exaggerationem
967 4294 1014 4352 rei
1035 4291 1164 4370 dicatum
1181 4290 1341 4371 niumm*
