2850 4842
296 557 339 627 ra
491 493 544 609 s
677 616 691 648 ¹.
755 546 884 637 atra.

295 726 466 804 adfirmatur
477 732 527 788 ant
541 730 674 805 negatur,
689 745 826 788 revocare
840 723 944 787 studet.
973 723 1022 787 llo
1032 724 1192 789 simillnmo
1206 722 1343 792 Isocratis

296 815 362 874 loco
382 813 536 873 videantur
555 832 601 888 ea,
622 832 698 886 quae
719 812 797 871 inira
818 810 855 870 ad
876 834 905 887 p.
924 816 955 871 9.
977 810 1119 872 dicentur.

112 901 192 957 :aaa
220 906 281 958 etti·
382 895 417 958 Ρ.
437 901 469 957 7.
510 892 724 971 Aristophanis
743 896 807 955 loco
829 896 866 957 de
887 896 1006 955 Nabalia
1025 917 1056 957 a.
1078 896 1159 955 1595
1172 915 1234 973 erp,
1253 917 1346 972 quem

139 976 197 1040 1¹⁸¹·
213 975 281 1026 Μ·
298 988 375 1043 recta
395 975 542 1041 Devorins
563 1001 593 1054 p.
616 984 647 1038 7.
675 981 883 1055 interpretatus
911 987 971 1054 est,
1000 988 1126 1055 possunt
1146 978 1179 1039 lsi
1199 980 1259 1039 loci
1282 978 1345 1040 De-

141 1058 212 1096 ⁰”¹''
297 1062 459 1125 mosthenis
486 1061 570 1137 addi,
596 1071 695 1123 contra
723 1066 871 1140 Aristopit
901 1065 929 1136 9.
958 1064 988 1123 5.
1016 1063 1062 1123 ed.
1087 1060 1189 1123 Betk.
1215 1086 1247 1140 p.
1269 1068 1344 1123 771.

203 1148 235 1197 P·
253 1146 280 1199 ⁷·
297 1150 343 1210 el.
365 1145 470 1209 Reisk.
493 1138 510 1211 ὁ
535 1142 572 1209 δὲ
594 1139 785 1227 κρινόμενος
806 1146 871 1209 τῶν
890 1142 952 1247 μὲν
973 1137 1023 1222 οἷς
1037 1141 1205 1229 σωτηρίαν
1218 1140 1343 1231 φερόν-
1414 1209 1418 1217 ,

295 1254 361 1296 των
388 1222 458 1294 ἀλλ’
489 1220 560 1293 οὐδ’
584 1220 708 1294 ὁτιοῦν·
726 1225 889 1315 πάρεστιν
918 1250 1009 1308 εχων.
1037 1231 1072 1288 da
1097 1230 1176 1303 falso
1203 1232 1344 1307 topatioos

294 1320 325 1390 5.
338 1321 389 1375 37.
411 1315 457 1376 ed.
478 1311 577 1373 Bata.
596 1314 722 1414 Ῑνὲὅῖι2ξ
741 1312 786 1373 ed.
808 1310 912 1373 Reisk.
941 1305 1029 1398 ὑπὲρ
1051 1308 1088 1376 δὲ
1109 1312 1175 1375 τῶν
1196 1310 1343 1377 Φωκέων

295 1392 525 1548 tana
557 1386 1341 1555 tatcaralitanam›att

296 1568 343 1628 etl.
364 1502 481 1626 Riiatri'
492 1556 524 1627 oi
544 1559 610 1646 ,γὰρ
632 1550 787 1647 ἄρχοντες
806 1552 827 1647 ἤ
845 1553 1060 1638 cavaearboris,
1081 1558 1136 1624 ἰ’νοι
1145 1558 1196 1666 μὴ
1213 1556 1345 1640 πάντας

296 1646 401 1731 λέγω,
435 1648 502 1710 τῶν
535 1643 596 1727 μὲν
627 1637 793 1731 ὑμετέρων
826 1638 1055 1730 ψηφισμάτων
1085 1635 1149 1707 ἄλλ
1191 1637 1273 1711 οὐδὲ
1302 1644 1343 1712 τὸ

295 1745 356 1813 ’μιν
378 1724 496 1795 titanos
525 1724 773 1873 ῗροντίζοοσιν,
806 1750 879 1804 quos
909 1728 988 1789 locos
1014 1738 1092 1788 recte
1121 1730 1180 1789 iam
1210 1734 1344 1792 traducit

297 1815 336 1891 (i.
418 1817 512 1874 iitsins
546 1827 601 1872 .c.
621 1832 652 1889 p.
678 1820 726 1871 ll.
769 1812 908 1887 Denique
930 1813 1185 1889 conferanturea,
1207 1814 1344 1890 quaeda

233 1951 237 1964 .
295 1899 352 1959 hoc
382 1914 439 1960 nsn
470 1898 630 1973 disputavit
661 1894 699 1955 G.
725 1894 915 1957 Hermaunus
947 1896 983 1956 atl
1011 1894 1218 1972 Aristophanis
1245 1899 1344 1959 Nubes

296 2006 327 2061 p.
350 1987 409 2042 191
433 2002 479 2056 sq.
500 1981 548 2041 ed.
568 1980 723 2041 secundae.

381 2063 418 2125 Ρ.
439 2070 470 2125 7.
512 2062 605 2125 Recte
625 2061 774 2124 Desarius
800 2063 921 2139 qnidam
948 2062 1032 2123 docet
1060 2053 1147 2127 ditat
1172 2064 1343 2141 particulam

297 2149 398 2221 multis
429 2150 496 2209 aliis
520 2152 679 2225 praeponi,
704 2168 745 2207 ex
768 2149 873 2222 quibus
895 2145 972 2207 uilnil
992 2168 1109 2223 prorsus
1132 2149 1343 2227 significationi

297 2237 362 2295 etas
384 2232 498 2294 socedat
518 2248 614 2307 neque
635 2232 783 2306 dematur,
805 2234 844 2289 ita
865 2239 898 2289 ut
919 2231 1071 2307 plerisque
1092 2232 1165 2293 locis
1188 2233 1275 2293 facile
1294 2236 1342 2293 in·

297 2318 467 2395 tellegatnr,
488 2338 576 2393 quem
603 2315 640 2375 ad
665 2315 782 2375 modum
808 2314 942 2389 singulae
965 2315 1127 2393 particulae
1153 2316 1342 2391 accipiendae

297 2402 367 2477 sint,
386 2420 487 2462 reram
504 2408 602 2459 tamen
621 2401 762 2473 quoniam
777 2406 807 2459 et
820 2397 967 2459 Desarius
981 2400 1045 2475 ipse
1057 2400 1191 2475 deinceps
1204 2400 1341 2474 singulas

297 2484 437 2560 quasdam
456 2481 545 2543 natos
562 2482 721 2558 particulae
739 2484 963 2558 compositiones
978 2482 1136 2558 explicavit
1149 2490 1178 2543 et
1192 2482 1289 2544 multis
1305 2486 1343 2544 in

296 2567 370 2627 locis
387 2585 460 2627 sane
481 2576 599 2625 secema
622 2573 665 2624 est
685 2567 780 2641 scire,
802 2566 873 2640 qnid
898 2563 1076 2625 Graecorum
1096 2567 1272 2627 consuetudo
1294 2576 1342 2627 tu·

296 2649 383 2726 lsrit,
410 2648 482 2724 qnid
507 2647 683 2724 repudiarit,
710 2668 767 2710 nos
794 2669 912 2723 quoque
933 2649 969 2709 de
991 2650 1149 2725 particulae
1170 2642 1255 2714 ἀλλὰ
1274 2672 1341 2710 cnm

298 2733 366 2796 eliis
394 2733 479 2808 qnasi
504 2733 710 2808 commissura,
739 2752 815 2808 qnae
845 2735 882 2794 ab
907 2733 971 2809 ipso
994 2742 1109 2794 auctore
1131 2736 1239 2795 omissa
1260 2744 1341 2812 sunt,

297 2830 351 2877 'sno
371 2817 436 2877 loco
454 2815 656 2892 adiungemus.

112 2907 180 2965 Ἀλλ’
204 2906 281 2965 ὅταν.
333 2910 338 2916 ’
382 2897 418 2959 Ρ.
444 2904 475 2959 8.
518 2897 592 2959 Cum
611 2899 760 2975 particulis
783 2888 853 2962 ἀλλ’
877 2894 978 2971 isam·
998 2898 1035 2960 do
1057 2901 1162 2977 quibas
1184 2908 1262 2962 recte
1285 2922 1341 2963 ex·

204 3016 237 3065 p·
253 3014 282 3067 g,
298 2986 394 3061 posuit
416 2982 581 3059 Deseritis,
606 2985 741 3059 componi
759 2991 853 3059 potest
873 2984 1049 3045 simillumae
1075 3004 1145 3044 usus
1166 2982 1342 3044 Latinarum

297 3068 505 3146 particularum
533 3067 583 3126 ssd
610 3069 652 3138 si,
681 3084 757 3143 qnae
781 3066 884 3127 eodem
904 3066 1008 3143 modo,
1039 3088 1098 3143 qno
1117 3065 1246 3128 Graecae
1265 3059 1338 3131 ἀλλ’

264 3213 268 3218 ,
298 3147 391 3229 ὅταν,
412 3153 453 3211 ita
473 3160 633 3229 ponuntur,
653 3161 685 3209 nt
703 3150 816 3224 aliquid
838 3170 890 3211 nos
910 3150 1034 3211 lecturos
1052 3154 1265 3227 promittamus,
1286 3152 1342 3213 sed

298 3256 335 3296 en
359 3245 458 3296 tamen
478 3232 664 3311 condicione,
692 3236 718 3293 si
738 3236 819 3309 prius
844 3234 924 3293 alind
943 3234 1014 3311 quid
1035 3235 1207 3310 fecerimus,
1232 3237 1341 3312 quibus

297 3322 332 3379 in
357 3319 430 3380 locis
453 3321 495 3379 ita
520 3337 581 3378 non
602 3320 665 3377 sine
685 3320 797 3377 maiore
818 3317 943 3393 quadam
964 3321 995 3378 vi
1015 3321 1072 3379 ista
1090 3318 1220 3378 condicio
1239 3322 1342 3395 expri-

280 3406 396 3466 mitur.
438 3400 491 3462 Sic
510 3404 678 3482 rectissume
695 3400 735 3461 R.
756 3399 985 3477 Stiirenburgius
1006 3402 1043 3461 nd
1057 3399 1209 3462 Ciceronis
1231 3406 1342 3463 oratio·

297 3506 381 3561 nem,
401 3502 478 3561 qnae
504 3494 548 3545 est
567 3505 620 3563 pro
642 3486 751 3545 Arctoa
769 3494 853 3563 pocta
875 3506 938 3562 cap.
963 3490 1013 3545 10.
1035 3490 1063 3558 §-
1082 3487 1145 3560 25,
1165 3507 1195 3561 p.
1218 3488 1288 3546 151.
1311 3496 1343 3547 et

297 3569 444 3629 constitnit
464 3566 613 3629 Ciceronis
631 3570 726 3629 locum
745 3570 779 3628 in
802 3570 956 3629 litandos.
971 3569 1106 3647 disputat.
1123 3568 1176 3629 tib.
1189 3566 1215 3629 l.
1231 3586 1294 3647 cap.
1307 3576 1341 3631 7.

268 3652 273 3662 '
297 3656 327 3726 ς.
351 3656 402 3716 14.
443 3655 493 3712 sio
521 3658 596 3712 coito
621 3654 691 3713 auiti
714 3656 927 3731 inpraesentia
947 3658 1083 3723 οοοιιιινι,
1105 3656 1144 3711 'ot
1166 3654 1341 3731 adpellerent

298 3726 448 3815 ἆξίωμαι
469 3744 621 3812 ιιιοιἾνοω
641 3738 709 3806 ιι1ιό,
732 3738 782 3795 sod
802 3740 829 3795 st
847 3740 979 3796 invenero
999 3736 1109 3813 ascitas,
1131 3742 1164 3795 nt
1182 3744 1229 3796 est
1251 3738 1341 3796 etiarn

297 3840 316 3879 a
343 3838 392 3879 ms
418 3829 448 3879 et
472 3839 491 3876 a
509 3816 630 3877 Mosero
654 3818 769 3894 editus,
799 3828 829 3879 et
854 3818 957 3879 adtulit
973 3818 1034 3877 tin.
1062 3819 1101 3878 ad
1121 3822 1294 3879 Herenniano
1311 3818 1341 3879 1.

296 3923 361 3980 cop.
385 3909 412 3960 1.
434 3904 462 3975 ς.
485 3908 531 3976 1.,
560 3902 611 3960 ubi
631 3901 758 3977 legiturs
789 3906 875 3962 Νιιιιο
896 3922 931 3961 os
957 3905 1076 3960 nimiam
1099 3902 1186 3978 lortpa
1207 3911 1342 3962 sumatur

296 3990 405 4056 oratio,
434 3985 468 4043 ds
494 4004 525 4043 ro
545 3983 636 4043 dicero
654 3988 833 4061 incipiemus,
862 3984 912 4044 ssd
932 3988 959 4043 si
980 3993 1008 4042 to
1025 4004 1113 4043 onam
1132 3985 1204 4043 iliad
1222 4004 1341 4045 monae-

295 4074 386 4130 sistsas
406 4076 496 4127 artem
516 4070 578 4126 sins
598 4068 769 4127 adsiduitate
790 4068 900 4126 timendi
918 4088 977 4126 ιιοιι
997 4068 1117 4126 maltam
1137 4067 1283 4127 adiuuare.

112 4156 281 4227 Ἀιΐούμα
377 4144 415 4210 Ρ.
437 4157 468 4210 9.
510 4148 713 4226 Apndlsoer.
732 4152 822 4209 etiam
843 4172 870 4215 π
894 4145 931 4225 ὸς
951 4147 1108 4225 Neroni]
1142 4148 1267 4227 Legitur
1288 4148 1340 4210 irie

141 4227 243 4283 natat.
293 4232 376 4292 toan
393 4232 527 4293 hortaris
547 4256 578 4310 p.
600 4240 652 4295 23.
673 4233 721 4294 od.
742 4231 785 4292 H.
806 4171 910 4310 Stepir.
932 4235 989 4292 ita:
1018 4228 1088 4296 Kal
1108 4228 1172 4335 yda
1193 4227 1341 4308 ἐκείνους

202 4332 234 4379 ι’.
251 4332 279 4380 tt.
296 4310 469 4378 ἐπαινοῦσι
500 4312 562 4393 μὲν
594 4310 753 4393 ἅπαντες,
785 4309 982 4399 πλησιάζειν
1013 4312 1050 4379 δὲ
1082 4336 1122 4380 oa
1149 4310 1341 4395 βούλονται,

295 4385 381 4459 ἀλλὰ
411 4394 540 4475 μᾶλλον
570 4391 742 4484 αἱροῦνται
771 4400 918 4465 συνεῖναι
944 4399 1017 4475 τοῖς
1044 4392 1340 4491 ἐξαμαρτάνουσιν,
