2850 4842
464 443 473 450 -
540 496 629 567 ἕνα.
771 575 785 580 ,
930 498 935 504 ’
1048 498 1114 566 627

74 667 175 724 Εὐελπ.
195 665 257 722 'Eut
276 665 303 721 rt
317 663 420 740 yrippc'
441 664 550 722 ἐκεῖθεν
566 653 647 736 ipsc,-
665 669 767 722 Πεισθ.
786 665 825 720 ἵν’
842 663 1111 737 ἀκολουθοίηςὲμοί.

26 791 30 800 ·
74 775 217 848 optativus
256 762 483 852 ἀκολουθοίης
520 773 584 830 sine
621 769 682 828 alla
721 773 859 845 temporis
901 771 1113 846 significatione

75 857 220 932 significat
244 858 364 930 proprie
384 853 462 912 nihii
484 854 564 913 aliud
585 855 641 912 nisi
664 856 869 928 cogitationem
890 857 971 929 eius,
997 875 1038 913 ex
1059 877 1117 928 quo

79 940 115 998 de
144 935 282 1012 coneilio,
310 959 369 1012 quo
390 936 464 996 ittud
492 939 603 1013 egerit,
628 940 793 1012 quaeritur,
820 937 870 996 sed
891 956 947 997 usu
970 945 1067 996 tamen
1089 946 1119 998 et

74 1023 283 1082 cousuetudine
316 1021 457 1094 loquendi
488 1021 595 1078 iactum
627 1029 685 1096 est,
718 1031 748 1078 ut
777 1023 914 1094 temporis
941 1021 1118 1094 significatio

74 1109 223 1180 praeteriti
254 1105 302 1162 isti
332 1107 460 1178 optativo
480 1103 684 1163 adhaerescere
708 1103 872 1179 videretur,
900 1104 978 1179 qaod
997 1106 1031 1163 in
1054 1104 1119 1181 ple·

74 1191 176 1262 risque
210 1188 284 1246 locis
319 1185 373 1246 hac
406 1197 464 1244 una
496 1187 532 1244 de
565 1203 664 1245 caussa
693 1203 755 1244 nou
779 1205 864 1245 verus
893 1195 1031 1262 eventus,
1064 1186 1119 1247 sed

75 1281 198 1332 eventus
220 1273 354 1347 cogitatio
376 1273 510 1344 ponitur,
532 1273 602 1342 quia
625 1273 656 1328 in
680 1273 794 1328 roiam
814 1271 891 1328 facta
912 1292 973 1328 non
993 1271 1119 1343 amplius
1173 1288 1175 1291 ·

74 1355 110 1413 tie
138 1365 244 1414 eventa
275 1356 360 1428 quasi
382 1355 469 1412 etiarn
492 1354 688 1428 nunciatura
710 1352 893 1426 cogitandum
916 1363 974 1428 est,
1007 1352 1058 1411 sed
1082 1355 1120 1412 de

74 1448 199 1513 eventu,
221 1458 306 1510 quem
329 1437 504 1502 admodum
526 1429 623 1499 animo
647 1438 683 1494 ab
708 1457 759 1510 eo,
788 1439 840 1510 qui
862 1438 935 1510 egit,
963 1444 1119 1510 concaptus

72 1522 181 1596 fuerit,
212 1521 315 1595 qrraeri
337 1521 436 1580 'doben
480 1519 593 1578 Eodem
622 1519 709 1577 modo
738 1539 786 1579 res
807 1518 983 1594 explicanda
1004 1521 1067 1595 esi,
1094 1521 1120 1578 si

73 1607 107 1662 iu
129 1604 262 1666 eiusdem
281 1587 492 1680 ¹Kristophaujs
512 1604 596 1661 Pluto
618 1623 646 1661 r.
667 1608 709 1661 90
730 1623 775 1676 sq.
800 1600 921 1661 dicituro

537 1695 566 1752 ‘O
583 1699 617 1752 δέ
632 1697 666 1770 μ’
680 1699 820 1766 ,ἐποίησεν
836 1695 954 1768 τυφλόν,

188 1809 202 1834 ,
220 1801 224 1810 ·
273 1770 320 1822 ira
336 1764 375 1837 μὴ
393 1764 623 1837 διαγιγνώσκοιμι
639 1762 742 1821 coitur
756 1768 872 1837 μηδένα.
882 1806 890 1834 ,

73 1893 143 1933 nam
175 1873 230 1932 etsi
259 1893 307 1932 ree
337 1871 450 1930 itahio
473 1880 637 1946 comparata
661 1882 723 1948 est,
753 1880 787 1930 ut
808 1873 899 1948 etiam
920 1872 1121 1931 coniunctivus

71 1958 148 2031 poni
169 1959 314 2031 potuerit,
343 1958 426 2030 qnasi
452 1967 574 2015 eventus
596 1958 761 2016 etiamnunc
784 1957 971 2031 experientia
992 1975 1025 2012 ao
1045 1957 1123 2014 veri·

72 2048 133 2098 tate
168 2039 399 2114 comprobandus
432 2047 525 2114 esset,
557 2047 653 2097 tamen
689 2042 835 2116 optativus
864 2041 1038 2114 aptissnmns
1066 2047 1123 2109 est,

71 2119 156 2196 quod
185 2125 226 2180 sio
248 2132 359 2182 tantum
379 2122 466 2179 modo
488 2122 524 2179 da
548 2142 583 2179 eo
604 2121 736 2198 consilio,
764 2122 842 2195 quod
864 2122 916 2180 itte
938 2141 1027 2196 agens
1045 2119 1123 2178 istud

72 2205 234 2278 habuerit,
258 2207 407 2279 quaeritur
429 2215 518 2277 atque
539 2207 633 2264 omnis
655 2205 727 2264 haec
748 2207 878 2279 quaestio
899 2213 997 2262 utrum
1018 2204 1120 2264 reuera

71 2289 212 2348 evenerit
233 2287 324 2362 iilud,
350 2287 427 2362 quod
452 2289 593 2360 speravit,
617 2308 710 2348 necne
734 2289 822 2363 plane
843 2290 997 2347 omittitur.

160 2369 225 2430 Sed
249 2372 375 2444 tamen,
393 2378 423 2428 ot
450 2390 539 2443 supra
567 2369 709 2448 vidimus,
739 2374 831 2445 potuit
856 2373 944 2430 etiam
966 2369 1125 2428 coniuncti·

69 2474 127 2515 vus
158 2462 228 2529 post
256 2448 310 2515 ἵνα
331 2453 502 2527 particulam
523 2472 694 2528 praegresso
716 2464 846 2529 tempore
866 2455 1021 2529 praeterito
1042 2452 1125 2526 poni,

71 2541 98 2610 si
128 2557 192 2596 non
217 2539 375 2612 cogitatum
396 2545 546 2608 eventum,
577 2536 628 2595 sed
648 2557 751 2596 verum
770 2541 801 2594 iu
821 2539 991 2595 narratione
1012 2541 1124 2608 specta·
1156 2600 1162 2606 ,

70 2641 138 2680 mus
162 2641 197 2678 ac
219 2622 260 2678 sio
282 2621 369 2677 etiam
391 2619 465 2677 iilud
484 2619 592 2676 factum
615 2629 659 2678 est
679 2621 842 2695 interdum,
866 2630 898 2678 at
919 2622 956 2678 ab
976 2638 1034 2676 una
1054 2636 1123 2691 par·

71 2703 163 2763 tioula
194 2698 251 2764 ἵνα
278 2712 306 2760 et
333 2705 478 2776 optativus
503 2713 531 2760 et
555 2705 753 2763 coniunctivae
775 2723 933 2778 suspensus
954 2722 1020 2774 esse
1042 2699 1123 2758 vido-
1193 2701 1253 2760 'Iro
1339 2713 1342 2718 “

72 2795 173 2862 retur,
206 2807 268 2842 non
300 2785 377 2859 qnod
404 2803 505 2844 revera
525 2787 575 2843 isti
594 2787 672 2844 modi
692 2783 743 2844 ¹aut
764 2807 781 2845 a
802 2782 959 2862 praeterito
982 2794 1124 2859 tempore,
1150 2786 1296 2861 ῨΜΙΜ·

73 2871 168 2944 ᾳιιοὼ
181 2873 357 2944 praecessit,
387 2876 437 2928 avit
458 2869 493 2924 ab
515 2869 582 2940 iiia,
608 2889 695 2942 qoam
717 2869 800 2942 dixi,
824 2871 966 2943 particula
986 2887 1126 2941 regeren-
1141 2856 1303 2962 Ἵοῃῗᾱᾞ·

72 2964 138 3029 tur,
170 2951 230 3013 aad
258 2955 327 3025 qnia
354 2952 421 3024 ipsa
449 2953 612 3023 sententia,
644 2955 725 3024 cuius
748 2954 914 3024 primariam
937 2963 1066 3025 partam,
1098 2953 1126 3011 si
1165 2931 1236 3029 ''ia

71 3037 327 3096 constructionem
349 3041 529 3106 spectamus,
550 3035 678 3090 continet
699 3027 836 3108 verbum,
857 3034 944 3095 modo
963 3035 999 3092 ad
1019 3035 1125 3092 verita·
1154 3047 1296 3100 coniunctis

71 3131 149 3192 tem,
181 3116 283 3184 modo·
301 3116 338 3174 ad
353 3119 563 3191 ,cogitationem
594 3117 712 3174 alterius
736 3118 940 3189 revocabatur,
964 3119 1046 3175 varia
1067 3119 1126 3175 ista
1151 3117 1297 3169 enuntiatis.

70 3203 257 3263 contractio
290 3201 444 3259 verborum
471 3209 539 3257 nata
567 3207 619 3257 est.
676 3197 781 3272 anue
808 3198 960 3256 modorum
986 3202 1126 3258 varietate

70 3288 144 3346 inde
167 3289 207 3346 ab
231 3282 364 3342 Homero
384 3303 483 3341 omnes
504 3283 567 3341 sara
585 3283 744 3356 scriptores
766 3278 907 3341 Graeciae
927 3301 979 3340 suo
998 3281 1062 3341 loco
1081 3285 1128 3339 usi

70 3380 152 3428 sant.
200 3367 243 3426 Et
274 3365 425 3427 Homerus
451 3365 569 3440 qnidam
596 3365 706 3424 iliados
733 3365 786 3427 lib.
807 3361 884 3424 XV.
913 3384 942 3424 r.
973 3365 1034 3423 596
1060 3384 1127 3438 sqqa

69 3451 147 3514 haec
168 3449 277 3513 habet:
772 3465 776 3472 ·
872 3481 880 3490 ·

176 3575 181 3582 ·
244 3547 353 3618 Ἕκτορι
370 3541 424 3618 γὰρ
442 3545 470 3600 oi
486 3543 576 3613 θυμὸς
594 3541 719 3612 ἒβοὺλετο
737 3543 821 3603 κῦδος
836 3537 928 3614 ὀρέξαι
936 3547 953 3610 ,’

252 3619 327 3683 Πριιι
351 3617 379 3668 tt
404 3654 411 3682 ,
432 3617 479 3666 ira
497 3617 578 3682 νηυσὶ
592 3618 724 3682 κορωνίσι
740 3611 891 3671 θεσπιδαὲς
906 3615 963 3684 πῦρ

166 3737 170 3740 ,
252 3635 356 3754 innisa
374 3635 541 3751 vituperor,
552 3683 665 3743 Θέτιδος
680 3679 707 3735 ‹5‘
729 3679 851 3740 ἐξαίσιον
869 3677 943 3758 ἀρὴν-

248 3753 348 3804 tricor
365 3747 536 3823 inexpiatam,

72 3860 154 3918 quae
189 3857 249 3913 ego
276 3859 337 3898 uon
359 3841 542 3899 mutaverim.
583 3833 667 3899 Nihil
695 3837 776 3896 enim
801 3831 923 3912 impedit
953 3830 1131 3908 quominus

72 3929 180 4000 priore
200 3923 336 3982 membro
355 3923 451 3997 ipsum
471 3929 607 3982 eventum
623 3923 680 3996 spui
696 3922 826 3996 loquitur
843 3925 970 3994 spectet,
988 3919 1020 3976 in
1039 3916 1132 3976 altem

71 4009 215 4068 membro
248 4013 338 4078 paonat
366 4012 513 4080 speratum
539 4007 575 4062 ab
602 4002 677 4079 illo,
699 4007 751 4078 qui
775 4005 852 4079 agit,
882 4008 1029 4061 eventum.
1072 3993 1134 4069 Sevi

72 4095 240 4151 veniamus
269 4087 305 4146 ad
335 4088 667 4163 reliquosscriptoree,
698 4091 750 4162 qui
777 4085 853 4144 hanc
878 4087 1020 4144 rationem
1045 4101 1134 4156 saepe

71 4179 282 4249 usurparunt,
303 4172 394 4250 veluti
416 4170 584 4231 Herodotus
606 4171 657 4229 lib.
679 4167 705 4229 Ι.
728 4191 790 4246 cap.
813 4167 883 4228 196.
909 4167 993 4226 dicit:
1020 4159 1058 4226 ‘O
1074 4159 1134 4242 μέν

71 4280 132 4322 νυν
169 4250 354 4327 κάλλιστος
386 4250 487 4333 νόμος
519 4241 617 4328 οὗτός
645 4271 708 4333 σφι
735 4243 792 4335 ἦν,
825 4242 863 4316 οὗ
887 4247 1000 4329 μέντοι
1020 4248 1076 4310 νῦν
1097 4266 1134 4325 γε

71 4335 254 4482 ὀιεῆἑλεσε
280 4330 359 4410 ἐών,
387 4327 469 4400 utto
498 4332 535 4400 δέ
560 4357 593 4396 τι
615 4329 811 4420 ἐξευρήκασι
831 4328 948 4474 aegaei
969 4326 1134 4412 γενέσθαι,
