2850 4842
310 432 376 515 idi
786 437 882 532 γάρ.

312 606 548 693 κατακείμενος
567 606 624 675 καὶ
645 602 820 677 καθεύδων
840 606 876 676 ἐκ
895 610 944 696 τῷ
964 606 1066 691 τείχει
1093 607 1153 676 tut
1179 610 1362 699 φρυγάνων·

312 696 369 762 καὶ
389 690 540 781 καλάμης
561 690 618 758 καὶ
639 697 828 778 caparacie·
849 692 888 757 τὸ
911 684 970 758 aba
992 687 1235 778 ἐσωζόμην
1257 695 1296 763 dn
1312 695 1360 763 ei-

310 776 433 867 (rwvet‘p
460 776 557 860 λέγει.
564 824 572 851 ,
601 787 632 837 nt
658 788 797 853 appareat
817 782 914 853 ipsum
935 782 996 839 uim
1018 779 1179 853 particulae
1198 777 1265 861 ycip
1288 804 1359 842 oon.

198 852 204 877 '
310 866 449 924 clusinam
477 866 644 939 agnovisse.
686 859 835 936 Recteqne
861 867 928 936 ipse
953 862 1100 921 Deuarins
1124 884 1154 937 p.
1176 867 1215 921 52
1236 886 1284 939 sq.
1314 870 1360 927 ita

282 974 290 985 ·
310 948 346 1007 de
365 970 399 1008 co
421 948 483 1006 loco
503 946 649 1019 disseruit,
671 952 703 1001 nt
722 940 784 1027 γὰρ
804 967 843 1004 ex
866 943 902 1027 γὲ
922 955 950 1005 et
967 938 1034 1028 ἄρα
1047 954 1149 1004 natum
1163 966 1228 1005 esse
1243 948 1358 1009 diceret

308 1035 474 1105 veterisque
502 1028 675 1088 scholiastae
706 1041 892 1104 praeceptam
918 1031 1128 1104 comprobaret.
1183 1028 1268 1090 Dicit
1296 1036 1359 1108 igi-

309 1124 356 1173 tur
380 1114 433 1173 illo
461 1114 541 1189 loco,
571 1121 728 1186 postquam
754 1114 914 1188 legatorum
941 1113 1095 1171 delicatula
1122 1134 1155 1171 ac
1174 1114 1278 1174 mollis
1296 1121 1358 1175 rita

308 1207 444 1258 enarrata
466 1204 519 1271 est,
542 1194 732 1269 Dicaaopclis
754 1195 824 1255 hoca
858 1198 1039 1255 Vehementer
1056 1200 1144 1272 initam
1163 1198 1290 1257 saluum
1309 1205 1357 1259 in-

307 1282 452 1343 neniebom
473 1300 538 1355 epo,
562 1284 610 1356 qni
631 1284 735 1354 eperim
755 1284 862 1339 intereo
882 1280 1031 1350 excubiae,
1053 1281 1162 1353 idest,
1182 1282 1211 1339 ai
1235 1282 1355 1355 plenam

307 1366 442 1425 volumus
462 1362 584 1422 reddere
606 1364 796 1421 sententiam:
826 1366 861 1421 st
879 1382 940 1434 cos,
963 1368 1012 1439 qai
1031 1362 1149 1422 delicate
1170 1365 1302 1436 vicistis,
1323 1368 1355 1425 ds

306 1458 402 1509 antra
430 1452 491 1507 cita
517 1451 732 1523 conquerimini,
763 1447 935 1505 aebcoteotar
958 1448 1044 1521 ipitnr
1066 1454 1139 1504 certa
1158 1465 1210 1521 epo
1232 1447 1355 1507 achatem

305 1532 480 1592 inveniebam
506 1564 555 1600 -‚
582 1538 614 1588 ut
640 1544 690 1589 nos
709 1534 772 1588 iare
790 1534 870 1607 quart
887 1538 1035 1606 apparent.
1077 1526 1193 1587 Harum
1218 1536 1354 1591 enuntia·

307 1618 421 1675 tionum
439 1635 499 1672 non
521 1616 618 1688 posuit
632 1610 852 1687 Aristophanes
868 1614 927 1671 nisi
941 1611 1078 1687 mediam,
1099 1616 1243 1687 qnoniam
1257 1636 1354 1689 neque

304 1702 405 1774 priore
426 1718 498 1773 opas
519 1706 597 1772 erat,
619 1699 689 1770 qnia
715 1716 755 1755 ex
775 1697 1030 1772 antecedentibus,
1052 1718 1109 1771 qao
1131 1695 1353 1772 Dicaeopolidis

305 1784 399 1842 aratio
415 1783 585 1856 pertineret,
606 1782 766 1853 constabat,
786 1800 841 1838 nec
853 1784 1001 1854 posterior
1012 1783 1177 1840 necessaria
1187 1782 1353 1857 ridebatur,

306 1868 445 1939 quoniam
473 1884 559 1923 nemo
585 1863 651 1923 fere
680 1871 796 1938 poterat
822 1864 914 1921 alium
939 1866 972 1921 in
1001 1865 1117 1923 modum
1142 1863 1240 1940 illud,
1275 1868 1351 1941 quod

305 1948 413 2007 dictam
432 1941 504 2023 er'at,
525 1950 665 2022 accipere.
707 1944 743 2005 Si
765 1948 816 2006 alii
838 1948 1013 2020 interpretes
1032 1951 1195 2006 recentiore
1220 1959 1350 2024 tempore

303 2034 542 2107 interrogationis
563 2034 680 2107 signnm
700 2038 767 2108 post
789 2026 1024 2107 κατακείμενος
1038 2040 1208 2106 posuerunt,
1232 2033 1264 2091 id
1277 2034 1349 2091 nihil

300 2114 340 2175 ud
367 2116 536 2193 particulam
563 2115 680 2188 qnidam
708 2110 772 2197 γὰρ
796 2114 1039 2187 interpretandam
1064 2116 1148 2189 lacit,
1175 2116 1231 2173 sed
1254 2120 1347 2176 minus
1420 2139 1421 2202 ἐ

304 2207 403 2259 tamen
423 2201 509 2259 nobis
529 2196 602 2256 hnic
617 2198 681 2255 loco
702 2199 861 2256 convenire
877 2197 1004 2271 uidetur,
1026 2200 1095 2272 quia
1112 2200 1156 2256 sic
1173 2199 1229 2257 illa
1242 2202 1346 2276 ironia,

304 2304 380 2358 quae
406 2287 500 2358 posita
521 2286 617 2341 estin
639 2284 721 2339 omni
741 2279 796 2338 hac
817 2277 1035 2354 Dicacopolidis
1058 2280 1226 2356 senteniia,
1252 2287 1346 2343 minus

303 2368 419 2427 ridetur
446 2374 569 2425 exstare.
617 2362 821 2423 Vehementer
850 2374 948 2422 antem
973 2367 1025 2424 isti
1055 2375 1170 2440 errant,
1200 2370 1254 2439 qui
1285 2388 1346 2426 non

302 2454 402 2525 agnita
431 2452 462 2508 vi
494 2444 556 2531 γὰρ
587 2448 745 2520 particulae
778 2447 962 2523 conclusiva,
994 2452 1036 2507 ita
1067 2447 1182 2507 demum
1209 2451 1345 2526 intellegi

299 2552 389 2607 posse
409 2534 586 2589 arbitrantur
608 2529 685 2587 hunc
705 2531 815 2600 locum,
845 2534 870 2589 si
890 2540 959 2591 ante
980 2534 1089 2592 verba:
1119 2526 1261 2616 Σφόδρα
1279 2529 1344 2617 γὰρ

301 2608 470 2694 ἐσωζόμην
498 2610 562 2691 ἐγώ
590 2606 685 2694 παρὰ
710 2609 770 2696 τὴν
797 2607 935 2689 ἔπαλξιν
962 2608 1027 2677 ssi.
1058 2618 1145 2675 tacita
1170 2620 1345 2692 cogitatione
1419 2601 1421 2692 Ῐ

300 2698 387 2755 talem
411 2697 539 2770 aliquam
566 2699 743 2754 sententiam
769 2698 943 2774 suppleant,
975 2699 1073 2772 qualis
1094 2708 1155 2759 este
1187 2690 1344 2782 Ἀληθῶς

299 2776 414 2859 λέγεις.
457 2778 564 2854 Neque
592 2782 671 2838 eninr
696 2782 798 2856 prius,
827 2802 915 2855 qnam
940 2783 1063 2858 loquare
1089 2782 1220 2861 aliquid,
1250 2793 1343 2858 potest
1382 2840 1389 2845 .

298 2863 459 2939 quidquam
488 2884 528 2922 ex
555 2866 687 2923 oratione
714 2872 765 2922 tua
793 2865 936 2940 suppleri.
982 2864 1061 2926 Nam
1090 2867 1212 2927 alterius
1240 2870 1341 2942 oratio,

297 2968 374 3023 quaa
401 2947 566 3022 praecedit,
595 2946 688 3022 nihil,
718 2948 797 3023 qaod
823 2969 863 3008 ex
885 2955 983 3007 mente
1007 2950 1216 3025 respondentis
1237 2952 1342 3011 dictam

298 3052 363 3090 essa
383 3030 526 3105 videatur,
547 3030 737 3105 suppeditare
756 3035 883 3106 poterit:
909 3036 1010 3108 itaque
1031 3032 1104 3093 haec
1116 3034 1239 3109 quidem
1251 3038 1341 3093 iuter·

296 3115 431 3191 pretendi
457 3118 533 3174 ratio
556 3117 636 3174 omui
657 3114 846 3175 fundamento
868 3123 960 3191 caret,
987 3117 1039 3176 sed
1060 3118 1153 3176 dicam
1174 3119 1214 3177 da
1235 3117 1290 3177 hee
1307 3138 1340 3176 re

148 3252 153 3271 ,
231 3264 276 3271 ...
296 3200 443 3273 deinceps.
485 3197 550 3258 Iam
576 3202 653 3257 eninr
681 3199 756 3259 illnd
781 3200 1039 3260 demonstrandum
1064 3211 1129 3278 eat,
1157 3202 1242 3261 illam
1267 3205 1337 3273 rim,

296 3303 384 3357 qnam
405 3284 529 3357 primam
552 3303 584 3340 ac
608 3284 771 3341 naturalem
790 3286 950 3358 particulae
971 3280 1034 3368 γὰρ
1056 3305 1121 3344 essa
1142 3285 1283 3361 diximus,
1303 3288 1336 3342 in

295 3369 375 3424 omni
402 3366 531 3425 locorum
558 3386 666 3440 genere
693 3376 768 3425 recte
794 3388 883 3441 posse
908 3366 1057 3443 adhiberi,
1087 3390 1175 3444 qnorn
1195 3390 1231 3428 ea
1252 3372 1335 3442 ratio,

295 3468 352 3522 qna
371 3449 458 3521 volgo
483 3450 645 3522 explicatur
667 3453 713 3508 uis
738 3453 801 3510 eius
823 3451 998 3525 particulae,
1024 3473 1084 3510 non
1106 3455 1201 3526 possit
1221 3456 1280 3511 nisi
1299 3451 1334 3508 ad

293 3538 401 3588 certam
428 3531 572 3604 quoddam
595 3553 687 3607 genus
708 3537 847 3593 orationis
868 3538 1024 3609 pertinere.
1067 3534 1146 3595 Nam
1165 3556 1200 3595 ea
1221 3536 1334 3595 demum

291 3634 362 3673 vera
390 3616 509 3673 alicuius
538 3619 619 3675 verbi
644 3619 802 3691 explicatio
824 3628 883 3693 est,
912 3638 987 3696 qnae
1010 3621 1144 3682 omnibus
1165 3620 1256 3694 locis,
1285 3620 1332 3675 ubi

290 3696 365 3755 illud
388 3697 506 3774 legitur,
531 3710 608 3759 recta
631 3700 763 3759 adhiberi
782 3704 886 3775 pessit.

375 3778 425 3839 Ac
450 3802 587 3855 maxume
613 3783 733 3855 quidem
757 3794 855 3844 exstat
877 3788 972 3860 prima
991 3786 1151 3859 particulae
1172 3788 1218 3845 vis
1238 3786 1271 3842 in
1293 3784 1329 3842 iia

262 3862 380 3936 ‘locis,
406 3864 455 3921 ubi
483 3866 570 3921 etiam
592 3865 678 3939 volgo
701 3868 926 3941 explicationem
946 3870 1058 3930 inlerre
1079 3871 1199 3941 dicitur,
1227 3869 1328 3942 quibus

288 3950 322 4005 in
342 3945 415 4005 locis
438 3948 536 4004 ncs'tra
557 3948 658 4023 lingua
673 3949 847 4027 plerumque
860 3973 916 4027 per
929 3952 1100 4027 particulam
1112 3953 1235 4011 mantnt
1248 3950 1325 4010 reddi

288 4024 395 4103 patent
428 4026 474 4088 ln
494 4028 542 4089 bis
566 4034 644 4090 euim
665 4032 735 4093 locis
757 4036 794 4093 ad
815 4040 940 4110 primam
954 4037 1161 4111 particularum
1173 4032 1207 4113 γὲ
1220 4045 1249 4092 et
1260 4022 1323 4107 ἆρα
1414 4075 1415 4084 2

287 4115 349 4171 rin
378 4132 411 4172 ac
440 4122 614 4188 patestatem
643 4120 857 4193 agnoscendam
881 4124 967 4195 quani
990 4142 1079 4179 mann
1102 4121 1238 4179 ducimur.
1277 4111 1321 4171 1⁸⁸

287 4197 407 4264 ponitur
426 4193 491 4282 γὰρ
512 4201 545 4261 in
569 4202 633 4260 eins
656 4202 736 4263 modi
755 4203 837 4282 locis,
861 4205 957 4282 qualis
979 4206 1095 4271 astilia
1116 4200 1264 4282 Sophoclis
1284 4216 1323 4257 ex
1413 4259 1414 4274 r

1306 4346 1310 4350 ’

291 4276 423 4347 uranie.
447 4299 477 4338 r.
499 4284 561 4343 475
582 4303 651 4361 sqq·
696 4344 708 4363 ‚¹
788 4358 792 4367 ⁹
861 4368 866 4375 ι

1414 4135 1416 4220 w

1408 4551 1414 4792 l
