2850 4842
304 484 370 554 436
755 476 882 563 δῆτα.

308 676 345 715 eo
371 652 470 711 rninns
497 645 665 707 mutandam
683 642 796 722 rideri,
827 643 905 721 quod
936 612 1011 707 eide
1042 642 1079 703 ab
1104 642 1207 704 cadem
1232 644 1346 722 origine

309 739 427 798 ductum
454 734 575 808 dicitnr,
607 730 688 804 qnod
717 731 777 788 iarn
804 730 983 804 compararit
1008 724 1209 804 Hartunffl'us,
1240 738 1270 789 at
1292 723 1349 811 δή.

309 824 423 884 noves
451 814 553 877 eodem
580 814 666 873 modo
686 834 741 889 pro
764 806 937 895 δήπουθεν
959 815 1109 871 invenitur
1129 814 1208 888 apud
1228 810 1348 871 Annam
1419 818 1420 845 ¹

310 904 414 964 Coma.
445 923 473 976 p.
502 905 573 958 408.
601 895 636 957 G.
662 908 693 957 et
719 900 818 971 ipsum
845 894 949 970 dinc,
979 906 1011 953 ut
1036 896 1167 969 videtur,
1198 916 1215 955 a
1243 894 1348 955 Tzetra

310 990 375 1046 lrist.
402 983 436 1058 l,
465 986 537 1042 892.
565 991 736 1056 usurpatum
763 988 819 1041 est.
870 918 1053 1037 l‘osteriores
1082 980 1162 1038 enim
1192 982 1348 1055 scriptores

311 1071 472 1128 doctrinam
494 1064 537 1123 inx
552 1066 617 1124 eius
638 1062 716 1123 modi
737 1065 826 1123 rebus
847 1071 994 1121 ostentare
1015 1063 1160 1131 colebant,
1183 1064 1252 1121 ride
1272 1061 1348 1121 Har·

313 1152 443 1227 tungium
466 1148 525 1207 rol.
554 1146 579 1206 1.
607 1169 637 1223 p.
667 1153 738 1205 318.
768 1144 805 1205 L.
829 1144 965 1203 Dindorl.
990 1147 1020 1203 iu
1044 1145 1084 1203 H.
1107 1144 1252 1218 Stephani
1277 1148 1348 1205 nte-

311 1254 399 1295 suuro
423 1237 473 1291 Gr.
495 1232 607 1309 linquae
628 1231 686 1293 rol.
709 1229 749 1289 ll.
778 1252 808 1306 p.
834 1235 923 1289 1041.
948 1230 985 1287 l).
1009 1252 1037 1305 p.
1063 1234 1151 1293 105³.
1174 1228 1215 1289 A.

774 1438 910 1522 Δῆτω

397 1564 467 1624 Non
498 1570 596 1637 potent
627 1559 746 1618 dubium
778 1582 858 1635 esse,
896 1562 969 1635 quin
1001 1558 1085 1642 δῆτα
1116 1560 1257 1634 particula
1289 1562 1349 1633 ipsa

315 1669 433 1725 quoque
455 1668 472 1705 a
493 1642 636 1720 particula
656 1640 696 1728 dr}
721 1644 804 1703 ducat
827 1646 989 1721 originem,
1009 1654 1040 1701 ut
1063 1655 1171 1701 tantum
1192 1642 1278 1701 modo
1298 1642 1349 1699 linc
1423 1692 1424 1697 ,

317 1730 514 1807 quaerendum
536 1747 602 1787 ease
631 1728 780 1803 rideatur,
812 1726 889 1786 unde
915 1730 1028 1786 venerit
1054 1748 1129 1801 qnae
1153 1728 1287 1785 adiuncta
1311 1738 1348 1785 ent

316 1819 358 1879 iu
388 1814 513 1891 syllaba.
556 1810 631 1869 Eam
664 1832 721 1887 ego
752 1831 841 1885 supra
863 1833 894 1885 p.
919 1816 970 1868 29.
993 1810 1054 1869 dixi
1079 1832 1142 1870 esse
1165 1813 1281 1886 generis
1304 1809 1349 1867 de·

317 1898 502 1957 monstratiri
530 1894 704 1969 adlecreqno
726 1894 872 1968 quandam
896 1894 1147 1953 demonstrationis
1169 1894 1350 1969 significatio-

318 2002 396 2041 nern.
444 1977 480 2037 ld
508 1996 563 2053 ego
590 1998 668 2035 nnnc
694 1998 756 2035 non
777 1978 942 2051 comprobo.
984 1975 1060 2037 Nam
1083 1980 1215 2037 etiamsi
1236 1978 1352 2049 deipsa

319 2062 550 2141 significatione,
572 2081 661 2133 qoam
684 2058 771 2119 laabet
794 2060 870 2119 sacta
888 2060 1027 2136 particula
1049 2059 1147 2143 δῆτα,
1171 2062 1257 2119 etiam
1278 2080 1352 2117 nnuc

319 2152 352 2208 in
373 2145 474 2207 eadem
495 2146 638 2204 sententia
661 2164 739 2218 suut,
762 2152 859 2202 tamen
880 2144 966 2203 credo
987 2164 1042 2222 ego
1057 2146 1117 2202 alio
1134 2142 1352 2218 quodammodo

320 2254 386 2291 eam
406 2228 648 2304 significationem
670 2225 851 2301 adsumptam
872 2248 935 2286 esse
957 2250 973 2285 a
998 2228 1155 2303 particula,
1185 2238 1272 2301 atque
1290 2228 1353 2285 istic

319 2314 419 2378 statui.
461 2310 717 2371 Animadvertisse
742 2314 821 2371 enim
841 2310 914 2369 mihi
935 2312 1038 2371 videor
1058 2333 1119 2371 non
1140 2311 1178 2369 nd
1197 2330 1354 2386 pronomen

235 2400 240 2414 ¹
320 2398 581 2458 demonstrativum
603 2396 752 2469 pertinere
772 2394 855 2452 illam
877 2393 1021 2471 syllabam
1044 2398 1117 2469 ΐα,,
1134 2394 1184 2454 sed
1205 2397 1300 2470 potius
1320 2392 1354 2451 ad

320 2500 485 2558 pronomen
510 2477 705 2538 indefinitum.
749 2476 838 2555 Quod
866 2487 895 2537 et
922 2500 993 2539 usus
1019 2488 1047 2539 et
1069 2480 1144 2537 ratio
1167 2481 1232 2553 ipsa
1254 2477 1355 2535 ooniir·

320 2584 403 2622 mare
426 2561 549 2621 ridetur.
591 2560 640 2620 Ac
663 2559 700 2620 de
722 2563 836 2621 ratione
860 2562 978 2637 quidem
999 2564 1041 2621 cic
1065 2560 1180 2621 habeto.
1219 2558 1356 2619 Vidimus

322 2646 359 2707 ad
380 2643 550 2719 particulam
572 2638 613 2727 dr}
637 2664 701 2702 cnm
723 2664 884 2718 pronomen
907 2645 1093 2705 indefinitum
1120 2646 1269 2720 lubenter,
1299 2656 1358 2702 tom

322 2727 478 2806 particulas
504 2727 541 2784 ab
570 2726 673 2785 cadem
699 2736 750 2784 aut
771 2729 862 2787 simili
887 2731 1000 2804 origiue
1027 2728 1123 2787 ductas
1144 2726 1357 2801 adhaerescere,

272 2839 276 2846 ¹
324 2823 356 2870 nt
377 2802 417 2894 δή
441 2830 510 2884 τις,
543 2800 583 2893 dr}
606 2830 656 2886 τι,
688 2802 729 2894 δή
752 2830 820 2889 τοι,
849 2804 890 2895 δή
920 2834 987 2875 που
1019 2823 1048 2871 et
1069 2832 1144 2889 qnae
1166 2822 1234 2871 sunt
1253 2811 1359 2869 similia

324 2897 471 2969 dicantur,
502 2912 562 2967 quo
586 2894 675 2952 etiam
704 2894 857 2968 quadrabit
884 2895 960 2953 illud
986 2893 1088 2979 δῆτα,
1119 2898 1145 2956 si
1171 2898 1360 2971 posteriorem

323 2978 470 3055 syllabam
496 2996 665 3037 revocamus
690 2977 728 3037 ad
756 2998 916 3053 pronomen
944 2978 1144 3055 indefinitum,
1173 2979 1252 3053 quod
1283 2988 1360 3037 recte

325 3064 390 3121 lieri
412 3080 497 3136 posse
519 3060 644 3121 ridetur.
686 3060 754 3120 Nou
775 3065 853 3120 enim
874 3061 998 3121 dubitari
1019 3073 1132 3138 potest,
1154 3066 1226 3137 quin
1247 3074 1362 3138 praeter

325 3142 393 3220 τίς,
425 3135 534 3219 τινός,
561 3138 643 3220 τινί,
674 3136 748 3207 τινά
773 3146 860 3204 etiam
890 3145 950 3204 alia
970 3146 1064 3208 sorana
1090 3150 1152 3206 eius
1179 3148 1360 3221 pronominis

326 3232 448 3303 antiquo
473 3237 605 3302 tempore
631 3230 664 3287 in
688 3250 743 3287 nau
768 3228 875 3303 inerit,
903 3250 979 3303 quae
1008 3231 1062 3289 suit
1084 3223 1158 3303 τός,
1187 3229 1264 3289 unde
1293 3221 1360 3301 rori,

326 3306 386 3395 τῴ,
418 3331 458 3371 ex
489 3330 548 3384 qno
576 3305 630 3373 col
655 3312 814 3388 particula,
847 3314 871 3371 si
901 3333 936 3371 es
958 3323 1002 3372 est
1023 3314 1172 3388 enclitica,
1203 3311 1288 3370 ducta
1308 3324 1361 3387 est,

326 3396 473 3455 manserit.
514 3391 566 3453 Ab
593 3392 648 3453 lrac
676 3394 770 3454 iorma
793 3398 881 3455 etiam
908 3395 983 3455 illud
1005 3400 1046 3459 ῑᾶ
1067 3396 1183 3455 videtur
1204 3396 1361 3469 proiectum

324 3498 407 3554 esse,
434 3487 467 3537 ut
495 3476 526 3537 id
552 3476 683 3538 adverbii
705 3482 799 3538 vicem
818 3478 924 3538 lrabeat
941 3490 1103 3556 augeatque
1123 3482 1185 3537 rim
1208 3476 1249 3563 dr}
1272 3481 1362 3554 parti-

324 3562 416 3621 culae.
461 3558 509 3619 'Et
537 3560 575 3620 de
606 3564 721 3622 ratione
743 3562 862 3639 quidem
883 3560 1031 3621 hactenus.
1074 3562 1143 3624 Non
1164 3566 1262 3621 minus
1284 3566 1362 3623 enim

324 3666 393 3704 usus
415 3652 543 3703 nostram
570 3647 720 3713 rationem¹
738 3648 925 3721 comprobare
949 3646 1073 3707 videtur.
1115 3644 1252 3721 Namque
1273 3648 1305 3703 in
1328 3666 1362 3703 ec

325 3748 427 3788 omnes
460 3730 660 3805 consentiunt,
697 3725 781 3813 δῆτα
808 3730 978 3804 particulam
1012 3733 1054 3789 ita
1084 3741 1231 3806 cognatam
1265 3728 1360 3785 videri

326 3832 391 3871 cuna
424 3805 464 3894 δὴ
485 3809 644 3887 particula,
680 3820 712 3868 ut
740 3832 839 3871 reram
871 3834 904 3871 ac
930 3816 1079 3888 propriam
1103 3815 1181 3872 illius
1203 3812 1363 3887 particulae

325 3893 566 3971 significationem
591 3896 633 3952 sic
653 3894 801 3955 adauctam
825 3894 978 3973 exhibeat,
1007 3908 1036 3955 nt
1060 3897 1286 3956 confirmationis
1312 3896 1362 3954 ali·

326 3977 398 4055 quid
426 3977 582 4037 aooesdsse
604 3978 745 4038 rideatur.
793 3978 855 4041 leta
876 3990 972 4040 autem
997 3980 1197 4057 confirmatio,
1224 3978 1363 4055 quemad

325 4062 444 4121 modum
464 4081 505 4120 ex
528 4064 703 4137 pronomina
723 4061 950 4124 demonstrativo
973 4067 1052 4123 nasci
1072 4068 1182 4141 potuit,
1207 4066 1251 4124 sic
1272 4064 1362 4137 potnit

326 4148 416 4205 etiarn
449 4166 467 4206 e
496 4148 669 4222 pronomine
696 4148 861 4207 indefinito.
909 4146 987 4207 illud
1016 4150 1096 4207 enirn
1120 4150 1180 4207 iam
1208 4146 1363 4221 aliquoties

326 4232 533 4305 cognorimus,
554 4230 580 4287 si
602 4226 673 4305 quid
698 4252 815 4306 quoquo
836 4230 922 4292 modo
943 4252 1026 4308 ease,
1048 4230 1098 4291 sed
1119 4245 1183 4291 esse
1204 4240 1301 4290 tamen
1323 4230 1364 4289 di·

324 4320 422 4386 ostar,
449 4310 483 4370 id
509 4314 617 4372 curtim
645 4314 706 4377 inus
728 4334 795 4379 ease
814 4315 922 4377 videri.
964 4314 1010 4376 lta
1034 4317 1123 4377 etiam
1145 4312 1230 4397 δῆτα
1251 4312 1365 4376 ridetur
