2850 4842
311 442 376 527 23⁸
787 447 883 541 rie

313 617 549 704 κατακείμενος
568 616 625 686 καὶ
646 612 821 687 καθεύδων
841 616 945 723 breui
965 616 1067 700 τείχει
1095 616 1154 685 tat
1181 619 1363 708 φρυγάνων·

313 707 371 774 καὶ
390 700 541 792 καλάμης
562 702 619 769 καὶ
640 706 829 788 sappensis·
850 726 889 767 ao
912 694 971 768 obv
993 696 1236 787 ἐσωζόμην
1258 704 1297 771 ἔκ
1314 704 1362 772 ei.

311 788 433 879 ρωνεῖᾳ
461 787 573 871 λέγει.,
603 798 632 847 ut
658 797 798 863 appareat
818 791 915 863 ipsum
935 792 998 849 rim
1019 789 1180 863 particulae
1199 786 1265 871 γὰρ
1289 813 1360 851 eon.

199 864 205 889 '
311 878 451 936 clusinam
477 876 645 950 agnovisse.
687 870 837 947 Recteque
863 876 929 947 ipse
954 871 1101 931 Derarius
1126 894 1155 947 p.
1177 876 1216 930 52
1237 894 1284 948 sq.
1315 880 1362 935 ita

284 986 291 999 ·
311 960 347 1019 de
366 982 400 1020 eo
423 962 484 1018 loco
505 957 650 1031 disseruit,
672 964 704 1012 nt
723 951 785 1038 γὰρ
805 977 846 1014 ex
868 953 904 1036 γὲ
923 965 951 1015 et
968 948 1035 1038 ἄρα
1048 966 1151 1013 natum
1165 976 1229 1015 esse
1244 957 1359 1019 diceret

309 1046 477 1117 veterisque
504 1039 677 1100 scholiastae
708 1050 893 1113 praeceptum
919 1041 1130 1114 comprobarat.
1185 1037 1269 1099 Dicit
1297 1045 1360 1116 igi-

310 1136 358 1186 tur
381 1126 434 1185 illo
462 1125 543 1199 loco,
573 1132 729 1197 postquem
756 1124 916 1198 legatorum
942 1122 1098 1182 delicatula
1124 1142 1157 1180 ac
1176 1122 1279 1183 mollis
1298 1130 1358 1185 rite

310 1220 445 1271 enarrata
467 1215 521 1282 est,
544 1205 734 1281 Dicaeopaiis
755 1205 825 1266 hocs
861 1208 1040 1265 Vehementer
1059 1210 1146 1281 ipitnr
1165 1207 1291 1265 salutent
1310 1214 1358 1267 in-

309 1294 453 1355 veniebam
475 1310 540 1367 epo,
564 1295 612 1367 qai
633 1295 737 1365 eperins
756 1295 864 1350 intereo
883 1290 1032 1359 excubias,
1054 1290 1163 1362 idest,
1184 1292 1212 1348 ei
1236 1291 1357 1363 plenem

309 1378 443 1437 velumus
463 1372 585 1433 reddere
608 1373 798 1432 sententiam:
828 1376 863 1431 st
881 1392 942 1443 ooo,
964 1378 1013 1449 qui
1033 1371 1151 1430 delicate
1171 1373 1303 1444 oinietie,
1324 1377 1357 1433 de

308 1470 404 1521 recha
432 1464 493 1518 otto
518 1461 734 1534 conquerimini,
764 1458 937 1516 vehomenter
959 1456 1046 1531 ipitnr
1068 1464 1141 1513 certe
1160 1475 1211 1531 epo
1233 1456 1357 1516 achatem

307 1544 482 1604 inveniebam
508 1575 557 1612 -‚
584 1549 616 1599 ot
642 1556 693 1599 oca
711 1544 774 1598 iare
792 1544 872 1617 queri
889 1548 1036 1616 apparent.
1079 1536 1195 1597 Harum
1219 1544 1356 1599 enuntia·

309 1630 423 1686 ficuum
441 1645 502 1685 non
523 1626 620 1700 posuit
635 1621 854 1697 Aristophanes
870 1624 929 1681 nisi
943 1622 1080 1697 mediam,
1101 1625 1244 1696 quoniam
1258 1645 1356 1698 neque

307 1714 407 1787 priore
429 1729 501 1785 opus
522 1717 599 1783 erat,
622 1710 690 1782 quia
717 1727 757 1766 ex
777 1706 1032 1781 antecedentibus,
1055 1727 1111 1781 quo
1133 1704 1355 1781 Diceecpolidis

307 1797 402 1854 oratio
417 1794 587 1868 pertineret,
609 1792 768 1865 constabat,
789 1810 843 1848 nec
855 1794 1002 1864 posterior
1015 1792 1179 1850 necessaria
1189 1791 1355 1865 ridebatur,

308 1880 448 1951 moniam
476 1896 562 1935 nemo
587 1874 654 1934 fere
683 1884 798 1948 poterat
825 1875 916 1931 alium
942 1876 974 1931 in
1003 1873 1119 1932 modum
1144 1873 1241 1949 illud,
1277 1876 1353 1950 qnod

307 1960 416 2020 dictum
434 1952 506 2034 er'at,
528 1961 667 2033 accipere.
710 1954 746 2016 Si
767 1958 819 2016 alii
840 1959 1016 2030 interpreter
1035 1960 1197 2015 recentiore
1222 1968 1352 2033 tempore

305 2045 544 2119 interrogationis
566 2044 682 2117 signum
703 2048 770 2116 post
792 2035 1027 2117 κατακείμενος
1040 2049 1209 2115 posueruut,
1233 2041 1266 2100 id
1279 2043 1352 2100 nibil

303 2128 343 2187 ad
369 2127 539 2203 particulam
566 2126 683 2199 quidem
711 2121 775 2207 γὰρ
798 2123 1042 2197 interpretandam
1067 2126 1150 2197 lacit,
1178 2125 1233 2183 sed
1256 2129 1350 2184 ninus

307 2219 405 2271 tamen
426 2213 511 2271 nobie
532 2207 605 2267 huic
620 2208 684 2265 loco
706 2208 864 2266 convenire
880 2205 1007 2280 ridetur,
1028 2210 1098 2281 quia
1115 2210 1159 2265 sic
1175 2208 1231 2266 illa
1244 2212 1349 2284 ironia,

307 2316 382 2370 quae
409 2298 504 2370 posita
525 2302 567 2352 est
588 2296 619 2351 iu
642 2294 724 2349 omni
744 2290 799 2349 hac
819 2288 1038 2364 Dicaecpolidis
1061 2289 1227 2365 senteniin,
1253 2294 1349 2351 minus

305 2378 421 2439 ridetur
448 2388 572 2437 exstare.
620 2372 824 2433 Vehementer
854 2384 952 2432 antem
976 2377 1028 2434 isti
1058 2384 1173 2448 errem,
1202 2378 1256 2447 qui
1287 2396 1349 2435 non

303 2466 405 2537 agnita
434 2464 465 2520 vi
497 2455 559 2541 γὰρ
590 2459 749 2532 particulae
781 2456 965 2533 conclusiva,
998 2460 1040 2516 ita
1070 2457 1184 2516 demum
1211 2460 1347 2535 intellegi

303 2564 392 2619 posse
412 2546 589 2602 arbitrantur
612 2540 689 2598 bunc
708 2542 819 2611 locum,
848 2544 873 2599 ei
893 2550 962 2600 ante
984 2544 1093 2601 verba:
1122 2533 1263 2625 Σφόδρα
1282 2538 1347 2626 γὰρ

304 2620 474 2705 ἐσωζόμην
502 2620 566 2702 ἐγώ
593 2617 689 2705 παρὰ
713 2619 774 2707 τὴν
800 2617 938 2699 ἔπαλξιν
965 2618 1031 2686 ari.
1061 2628 1148 2683 tacita
1172 2628 1348 2700 cogitatione
1423 2647 1424 2650 ¹

303 2709 391 2767 talem
415 2708 543 2783 aliquam
570 2710 747 2767 sententiam
772 2708 947 2783 suppleant,
979 2708 1077 2783 qualis
1098 2716 1158 2767 eet:
1189 2698 1347 2790 Ἀληθῶς

302 2789 418 2871 λέγεις.
460 2789 567 2865 Neque
596 2794 675 2849 enim
700 2793 802 2867 prius,
831 2813 918 2866 quem
943 2792 1066 2867 loquare
1092 2792 1222 2869 aliquid,
1252 2801 1346 2867 potest

302 2875 463 2951 quidquam
491 2894 532 2934 ex
558 2876 691 2934 oratione
719 2883 769 2933 tua
797 2876 939 2949 suppleri.
986 2873 1065 2935 Nam
1093 2877 1215 2935 alterius
1242 2878 1344 2952 oratic,

301 2980 378 3036 quae
405 2958 570 3033 praecedit,
599 2956 692 3033 nihil,
722 2958 801 3033 quod
827 2979 868 3018 ex
888 2966 986 3019 mente
1011 2960 1218 3034 respondentis
1240 2960 1344 3019 dictum
1422 2988 1424 3004 ι

302 3064 367 3103 esse
387 3043 530 3117 videatur,
551 3041 740 3117 suppeditare
760 3044 887 3116 poterit:
913 3046 1014 3117 itaque
1034 3042 1108 3103 baec
1120 3042 1241 3117 quidem
1253 3046 1344 3103 inter·

300 3127 434 3203 pretendi
460 3129 536 3185 ratio
560 3128 641 3185 omni
661 3125 851 3185 fundamento
872 3136 964 3201 earet,
991 3125 1043 3186 sed
1064 3127 1156 3185 dicam
1177 3128 1216 3185 de
1238 3126 1293 3187 hee
1309 3146 1343 3185 re
1421 3165 1422 3168 =

152 3252 190 3297 ,Ἀ
230 3276 241 3284 Α,
263 3277 280 3285 .,
300 3212 447 3285 deinceps.
488 3208 554 3269 lam
580 3214 657 3269 enim
685 3211 760 3269 illud
785 3210 1043 3269 demonstrandum
1068 3222 1132 3288 est,
1160 3211 1244 3269 illam
1270 3213 1340 3283 vim,

300 3316 388 3369 quam
410 3296 534 3370 primaru
556 3314 588 3353 ec
613 3294 775 3353 naturalem
795 3295 954 3368 particulae
975 3290 1038 3378 γὰρ
1059 3315 1125 3355 esse
1145 3294 1285 3367 diximus,
1306 3296 1339 3351 in

298 3382 380 3437 omui
406 3378 536 3437 locorum
562 3398 671 3452 genere
697 3385 773 3436 recte
800 3398 888 3453 ponae
913 3376 1061 3454 adhiberi,
1091 3399 1179 3453 quom
1198 3399 1235 3437 ea
1255 3379 1338 3450 ratic,

298 3480 356 3535 que
376 3461 463 3533 volgo
487 3462 649 3534 expiicatur
671 3463 718 3519 vis
742 3464 805 3521 eius
828 3461 1003 3535 particulae,
1028 3482 1088 3520 non
1109 3465 1204 3536 poerit
1224 3463 1283 3520 nisi
1302 3460 1337 3517 ad

297 3551 406 3601 certum
432 3544 576 3618 quoddam
599 3564 691 3618 genus
713 3547 852 3604 orationis
873 3546 1028 3619 pertinere.
1071 3544 1149 3605 Nem
1169 3566 1204 3604 ee
1225 3545 1337 3603 demum

296 3647 367 3685 vera
394 3628 514 3685 alicuius
543 3630 624 3687 verbi
649 3628 806 3702 explicatio
828 3638 888 3703 est,
917 3649 992 3706 qnae
1015 3631 1148 3692 omnibns
1169 3630 1260 3705 locis,
1288 3628 1335 3685 ubi

295 3709 370 3770 illud
393 3711 510 3787 legitur,
536 3719 613 3770 recte
635 3712 768 3770 adhiberi
787 3715 891 3786 possit.

380 3792 430 3852 Ac
455 3814 592 3869 maxume
618 3794 738 3867 quidem
762 3805 860 3855 entat
882 3798 976 3869 prima
996 3795 1156 3869 particulae
1175 3796 1221 3853 vis
1242 3795 1274 3852 in
1297 3792 1333 3849 iis

266 3877 385 3950 ‘locis,
411 3878 460 3934 ubi
488 3878 575 3935 etiam
596 3878 683 3951 volgo
706 3880 930 3954 explicationem
951 3880 1062 3940 inferre
1084 3879 1204 3950 dicitur,
1230 3878 1331 3951 quibus

293 3964 327 4020 in
348 3960 421 4019 locis
444 3960 541 4017 nostra
563 3959 663 4035 lingua
677 3961 852 4038 plerumque
866 3983 921 4037 per
933 3963 1105 4038 particulam
1117 3962 1239 4021 nectant
1252 3959 1329 4019 reddi

293 4038 400 4118 pdtest.
433 4040 479 4101 in
500 4042 547 4103 his
571 4047 649 4103 enim
671 4044 740 4105 locis
762 4048 799 4105 ed
819 4050 946 4121 primam
958 4042 1252 4123 particularumye’er
1264 4031 1327 4117 ἆρα

293 4130 354 4189 rin
384 4148 416 4186 ac
446 4135 619 4203 potestatem
648 4130 862 4206 agnoscendam
886 4135 973 4206 quasi
995 4151 1085 4190 manu
1107 4130 1243 4189 ducimur.
1281 4120 1325 4180 lta

292 4207 496 4295 panitnrydrp
518 4214 551 4276 tu
574 4216 638 4274 eius
661 4214 741 4276 nodi
761 4216 842 4293 loeis,
867 4216 963 4293 qualis
984 4208 1030 4277 est
1047 4215 1100 4281 ille
1120 4209 1268 4291 Sophoclis
1287 4226 1327 4267 ex

296 4294 429 4365 Trucirin.
453 4314 483 4354 r.
504 4298 566 4357 475
587 4317 656 4376 sqq.
701 4356 713 4376 ,Ι
793 4371 797 4379 ⁴
1090 4346 1096 4359 .
