2850 4842
292 508 359 575 ³50
610 509 674 595 γέ,
708 512 756 598 γε’
781 536 874 590 σοι,
907 519 1026 599 γοῦν.

293 676 335 733 sic
362 675 442 751 loqui
466 698 527 739 uon
552 684 718 755 potuerint:
748 685 854 743 etenim
881 689 1057 761 scripserunt
1079 690 1183 751 eodem
1202 696 1292 757 modo
1315 712 1349 757 et

293 749 324 823 δ’
350 748 407 821 οὖν
428 770 455 818 et
477 761 513 826 di
536 758 601 836 οὖν,
624 770 720 841 prouti
741 789 829 827 sonus
850 772 991 831 oru'tiouis
1010 771 1068 832 lroc
1084 779 1236 850 postulare
1258 783 1350 843 vide·

292 842 392 901 batur:
423 866 520 920 neque
547 850 615 911 libri
642 854 742 927 scripti
770 872 884 926 semper
913 857 944 913 in
971 860 1129 932 scriptione
1151 856 1183 941 γ’
1207 854 1267 927 οὖν
1290 877 1348 927 sut

292 924 370 1003 γοῦν
399 934 565 1005 conspirant
594 938 681 993 etiem
711 936 786 1010 apud
808 945 923 999 veteres
942 941 1107 1015 scriptores.
1149 944 1226 1007 Nam
1248 956 1347 1022 quom

292 1008 356 1067 sere
380 1016 519 1087 scriptum
547 1020 725 1093 exhibeant,
756 1011 844 1092 quen'r
873 1021 909 1078 cd
938 1026 1055 1083 modurn
1082 1048 1170 1103 supra
1197 1031 1345 1111 diximus,

292 1082 322 1169 γ’
342 1081 408 1167 οὖν,
432 1103 472 1159 uti
491 1094 547 1162 ilc*
567 1094 614 1175 dv,
637 1095 736 1167 ὁπότ’
753 1098 793 1163 tlv
811 1113 840 1161 ct
860 1126 934 1178 qtrce
954 1120 1024 1167 sunt
1045 1112 1163 1187 similia,
1180 1125 1228 1173 tut
1246 1121 1342 1177 etism

292 1185 445 1241 contractis
466 1191 583 1247 vocibus
606 1187 694 1269 γοῦν,
716 1196 813 1245 temen
834 1188 981 1249 interdum
1001 1214 1034 1250 ac
1054 1216 1191 1256 maxume
1209 1202 1261 1274 ibi,
1283 1204 1339 1261 ubi

291 1262 415 1334 scriptor
444 1273 602 1331 auditorem
631 1275 663 1329 in
692 1271 850 1345 particulae
877 1276 907 1330 vi
933 1295 966 1332 ac
989 1286 1128 1349 potestate
1148 1282 1244 1341 studet
1264 1288 1340 1344 reti-

228 1342 231 1351 '
290 1360 378 1420 uere,
404 1358 491 1414 etism
511 1353 547 1435 γὲ
568 1348 626 1419 οὖν
647 1375 702 1413 nec
723 1356 795 1412 elisa
817 1375 871 1412 nec
891 1365 1037 1417 contracte
1057 1365 1196 1436 particule
1218 1374 1341 1428 tuentur

189 1474 195 1481 -
291 1447 459 1499 constanter
476 1441 566 1513 idque
588 1439 662 1515 epud
685 1449 818 1513 optumos
831 1436 937 1497 Graeci
957 1449 1101 1504 sermonis
1113 1459 1255 1525 unctores,
1277 1474 1339 1527 quc

291 1524 327 1583 dc
340 1544 372 1582 re
384 1526 474 1583 multo
489 1529 606 1598 rectius,
621 1544 707 1597 quam
718 1520 756 1579 L.
767 1520 952 1599 Dicturus,
967 1527 1155 1589 existumavit
1165 1530 1201 1592 G.
1212 1532 1248 1591 E.
1263 1533 1339 1595 chr.

290 1605 486 1667 Schneiderus
509 1608 545 1666 sd
565 1606 695 1666 Platonis
717 1606 768 1664 lib.
791 1607 825 1663 dr
845 1626 876 1664 rc
896 1610 1009 1684 pulrlico
1029 1610 1055 1669 l.
1077 1635 1105 1687 p.
1126 1622 1176 1675 30.
1218 1616 1342 1680 Adtulit

291 1695 338 1751 vir
364 1692 552 1751 doctissumus
573 1690 704 1749 Plutonis
726 1691 810 1748 Pottr.
832 1686 911 1748 Psrt.
932 1690 972 1752 Π.
992 1696 1053 1753 vol.
1074 1694 1114 1755 ll.
1136 1721 1164 1773 p.
1187 1705 1259 1761 246.
1289 1706 1338 1764 ed.

289 1774 390 1835 Betk.
411 1798 442 1851 p.
465 1780 537 1835 257.
558 1774 602 1839 D.
628 1774 672 1833 ed.
695 1772 737 1831 Η.
759 1770 881 1848 steph„
909 1776 960 1835 ubi
987 1775 1060 1848 lruec
1086 1782 1240 1856 leguntur:
1267 1786 1340 1853 Καὶ

289 1853 354 1942 μὴν
375 1852 612 1930 κινδυνεύετον,
639 1848 665 1919 ὦ
687 1853 774 1932 ξένε,
797 1848 901 1939 direpto
922 1858 1032 1923 ποθὲν
1054 1858 1130 1943 ἐμοὶ
1151 1864 1337 1949 ξυγγένειαν

291 1936 375 2021 ἔχειν
402 1937 485 2005 τινά.
533 1938 599 2004 Τὸν
624 1938 685 2018 μέν
710 1961 747 2021 γι
770 1931 828 2003 οὖν
850 1934 942 2017 ὑμεῖς
963 1940 1049 2008 κατὰ
1068 1944 1129 2032 τὴν
1149 1952 1208 2015 τοῦ
1226 1973 1333 2031 προσ-

290 2023 386 2088 ώπου
413 2017 513 2109 φύσιν
542 2020 661 2105 ὅμοιον
682 2019 757 2101 ἐμοὶ
778 2020 964 2107 φαίνεσθαί
984 2046 1087 2111 φατε,
1117 2038 1178 2097 τοῦ
1198 2028 1231 2098 d'
1252 2032 1334 2121 ἡμῖν

287 2102 309 2195 ἡ
342 2107 456 2193 κλῆσις
484 2102 569 2191 sci„
604 2128 662 2183 quo
690 2110 724 2165 in
752 2108 817 2166 loco
846 2107 911 2167 ideo
943 2107 1028 2170 Pisto
1058 2116 1177 2179 videtur
1202 2121 1334 2184 noluisse

288 2195 415 2255 scribere
441 2212 537 2269 oeque
566 2184 704 2271 τὸνμὲν
725 2181 757 2271 γ’
783 2181 840 2254 οὖν
869 2212 966 2267 neque
993 2216 1064 2257 reru
1086 2196 1224 2281 τὸνμὲν
1244 2208 1333 2285 γοῦν,

289 2278 366 2353 quod
387 2278 481 2337 voluit
502 2276 602 2337 efferri
619 2278 676 2334 isto
696 2273 782 2333 modo
801 2277 989 2350 potissumum
1010 2302 1173 2355 pronomen
1191 2283 1250 2350 τὸν
1260 2288 1334 2367 μέν,

287 2360 365 2436 quod
389 2365 482 2437 magis
511 2368 607 2421 exstat
631 2362 815 2418 irroratione
838 2369 925 2435 atque
949 2377 1086 2443 apparet,
1115 2372 1140 2427 si
1162 2372 1332 2446 siugulatim

286 2448 360 2505 istae
388 2466 474 2504 voces
504 2435 619 2526 prioris
644 2445 878 2519 pronuntientur.
920 2444 1032 2507 Eadem
1052 2470 1151 2510 musso
1172 2464 1217 2512 est
1238 2458 1330 2516 etism

285 2530 365 2588 illius
393 2529 465 2603 loci,
498 2548 585 2603 quem
612 2548 652 2586 ex
679 2527 809 2585 eiusdem
834 2525 965 2605 Blatouis
993 2535 1162 2606 Estlrpdcmo
1194 2538 1331 2613 adposuit

285 2612 361 2670 idem
387 2609 591 2670 Schneiderus.
634 2608 762 2683 Legitur
783 2613 811 2669 is
834 2609 912 2670 Part.
934 2611 974 2672 Il.
997 2615 1055 2674 vol.
1076 2613 1102 2674 I.
1126 2640 1158 2693 p.
1178 2624 1251 2681 448.
1279 2625 1330 2686 ed.

235 2732 242 2744 .
284 2692 384 2767 Bekk.
404 2717 434 2768 p.
459 2700 531 2751 299.
554 2693 592 2750 E.
613 2693 659 2751 ed.
681 2692 723 2751 Η.
746 2692 850 2769 Steph.
872 2698 904 2753 iu
924 2696 1000 2755 huuc
1018 2699 1153 2759 modum:
1179 2701 1272 2769 Φασὶ
1290 2729 1330 2787 γε

222 2830 226 2835 .
285 2768 357 2853 οὖν,
380 2768 407 2839 ὦ
428 2768 622 2858 Εὐθύδημε.
647 2768 711 2861 ἔφη
735 2768 753 2839 ὁ
775 2769 991 2860 Κτήσιππος,
1013 2776 1151 2859 τούτους
1171 2778 1331 2867 εὐδαιμο-

284 2854 460 2935 νεστάτους
481 2848 567 2921 εἶναι
586 2858 727 2922 Σκυθῶν
748 2856 805 2922 καὶ
819 2853 976 2945 ἀρίστους
990 2855 1114 2945 ἷίνδρας
1128 2862 1203 2943 uri,
1223 2874 1328 2947 quitus

282 2948 315 3005 iu
340 2947 436 3006 verbis
464 2951 618 3020 propterea
639 2942 756 3003 videtur
777 2942 860 3003 Pisto
881 2945 970 3019 plene
990 2950 1159 3024 scripsisse:
1184 2952 1271 3036 φασί
1288 2979 1326 3037 γε

283 3016 342 3093 cdv
364 3021 438 3101 nri„
459 3027 539 3104 quod
559 3030 667 3087 morari
687 3029 782 3087 voluit
804 3029 939 3088 lectorem
960 3036 1054 3107 magis
1075 3035 1109 3093 iu
1126 3038 1218 3096 serbo
1231 3037 1324 3122 φασί.

283 3112 417 3193 Quodsi
440 3114 601 3188 scripsisset
624 3106 710 3195 φασί
732 3104 762 3192 γ’
787 3101 845 3174 οὖν
864 3121 913 3172 sut
934 3118 1022 3173 etism
1045 3114 1132 3201 φἀσὶ
1153 3121 1241 3198 γοῦν,
1261 3144 1327 3199 pnr-

282 3198 369 3256 ticula
404 3194 458 3280 γὲ·
477 3198 568 3271 magis
601 3203 772 3268 congrueret
806 3217 872 3255 cum
904 3198 1052 3259 collectiva
1084 3206 1226 3276 particula
1258 3197 1325 3269 οὖν.

280 3279 411 3340 Eandem
433 3284 573 3340 rstioucm
594 3278 711 3338 videtur
732 3281 820 3338 etism
830 3278 996 3341 Herodotus
1018 3298 1132 3345 secutus
1153 3308 1228 3364 esse,
1248 3292 1325 3366 quod

281 3386 370 3439 qtrom
394 3369 427 3423 iu
448 3368 514 3424 aliis
536 3364 606 3422 locis
630 3377 679 3421 aut
701 3363 767 3444 γῶν
788 3372 838 3421 arc
858 3356 890 3446 γ’
915 3354 960 3426 ὦν
981 3369 1158 3444 scripsisset,
1188 3372 1243 3431 lio.
1265 3372 1323 3433 lv.

280 3468 341 3523 cup.
365 3454 497 3515 rocas
526 3456 612 3507 voces
640 3450 796 3522 separatim
825 3451 921 3523 posuit
946 3452 980 3509 iu
1000 3448 1047 3509 his
1067 3455 1183 3513 verbisr
1216 3452 1325 3523 Ξεινι-
1370 3497 1378 3512 .

272 3534 370 3593 'troius
398 3528 435 3595 δὲ
462 3527 632 3607 νομαίοισι
658 3527 714 3593 καὶ
742 3518 836 3593 οὗτοι
864 3525 964 3607 αἰνῶς
1008 3534 1137 3615 οᾶσθαι
1164 3534 1325 3622 φεύγουσι

171 3646 174 3653 ι
242 3638 248 3641 ·
278 3607 324 3696 μή
354 3608 387 3678 τί
412 3638 448 3696 γε
478 3605 522 3677 ὧν
547 3604 713 3698 ἀλλήλων,
741 3606 956 3699 Ἑλληνικοῖσι
977 3555 1013 3680 dii
1035 3614 1091 3680 xci
1113 3616 1249 3700 ἥκιστα,
1279 3616 1325 3699 ὥς

280 3694 428 3775 διέδεξαν
445 3692 624 3778 Ἀνοχάρσι
652 3718 688 3760 rc
711 3692 768 3760 uui
789 3691 928 3782 δεύτερα
949 3689 1043 3776 αὖτις
1060 3700 1183 3789 Σκύλῃ.
1223 3704 1321 3765 Multo

277 3784 374 3840 miuus
404 3776 507 3841 cutem
525 3781 581 3839 luci
604 3783 797 3853 posteriorum
818 3786 1001 3857 scriptorum,
1033 3805 1107 3859 quos
1128 3792 1225 3863 posuit
1246 3788 1322 3850 nt·-

278 3865 472 3924 destituit.
497 3886 525 3937 p.
547 3866 619 3921 742.
642 3862 699 3939 0.,
727 3866 857 3924 mutcudi
878 3877 965 3943 suut,
993 3868 1083 3928 veluti
1108 3871 1187 3946 quod
1208 3876 1321 3950 scripsit

276 3948 441 4025 Dionysius
470 3949 502 4005 in
529 3948 626 4021 Antip.
648 3950 733 4006 som.
760 3950 813 4008 lib.
835 3947 875 4008 ll.
903 3970 966 4025 cap.
990 3952 1040 4010 56.
1072 3948 1143 4015 Atti
1164 3953 1264 4020 τοῦτό
1285 3981 1321 4038 γε

276 4022 334 4097 οὖν
350 4052 436 4117 φασι
451 4026 510 4115 τὴν
524 4020 658 4130 ἡμέραν,
683 4026 718 4094 ἐν
730 4017 759 4135 (ᾗ
772 4028 808 4094 τὸ
827 4026 944 4109 πάθος
958 4029 1095 4113 ἐγένετο,
1118 4038 1179 4121 τῆς
1192 4042 1318 4123 τροπῆς

275 4116 335 4179 τοῦ
356 4109 511 4199 πλήθους
533 4110 707 4191 inscriptos
727 4137 814 4177 εινοιι
836 4109 918 4188 xri„
948 4139 1007 4193 quo
1028 4122 1060 4177 iu
1082 4119 1146 4179 loco
1167 4134 1317 4198 propteroa

273 4220 328 4258 uec
352 4199 431 4259 elisit
452 4218 547 4273 usque
566 4201 712 4257 contraxit
731 4220 833 4258 vocem
848 4197 1030 4278 Dionysius,
1051 4205 1129 4277 qood
1150 4209 1243 4265 voluit
1260 4210 1317 4266 siu·

274 4282 404 4355 gulsrem
424 4283 627 4355 particularum
647 4284 708 4341 rim
729 4286 824 4359 magis
841 4304 994 4359 apparere.
1038 4286 1126 4368 Quod
1141 4292 1168 4347 si
1182 4290 1318 4351 diximetc

274 4358 348 4423 Aac.
374 4364 472 4425 κοῡιο
504 4365 582 4443 γοῦν
611 4385 696 4449 φασι
727 4362 812 4445 κοιλ,
844 4388 905 4429 rou
934 4370 1052 4444 quidem
1078 4373 1146 4449 ipso
1176 4378 1320 4436 muteris

1218 4518 1233 4557 Ι
