2850 4842
495 496 498 502 ¹
548 439 649 555 γύρι
1051 472 1125 545 2³9¹

63 640 199 717 positum
218 642 273 713 eet,
295 598 325 697 ut
346 654 386 697 ex
406 654 441 697 eu
463 628 671 699 adfirmatione
683 643 866 714 sequeretur,
887 639 950 699 nori
970 636 1122 708 eeie'uino

65 722 326 801 rationedictum,
351 719 429 795 quod
451 730 537 787 autea
557 725 686 797 potitum
709 730 797 783 eeeet.
838 721 902 783 Noe
923 723 1062 804 dicamne,
1084 738 1118 788 ut
1149 730 1158 741 ”

65 820 147 868 recte
167 809 258 867 vertit
279 802 430 865 Stahriuur
453 810 494 877 Ee
516 806 604 882 ltepca
627 808 753 867 acimliotu
771 826 802 865 ιι.
822 826 849 865 e.
869 826 918 878 ια,
943 810 993 869 vel
1014 812 1039 869 ei
1061 797 1117 872 eri-

65 894 206 967 plicatiun
239 890 335 949 dicere
366 888 517 950 volumus:
554 890 645 949 Debai
677 909 756 950 αιτιοι
782 910 852 949 mco
880 891 1122 972 acetabulum·

67 975 156 1049 (velt
177 974 261 1033 dadai
281 992 362 1032 muer
382 989 460 1031 maa:
473 977 609 1047 ιιιίιιαα),
632 974 701 1033 duca
721 974 796 1032 dieue
815 973 912 1033 leidae
930 980 1037 1040 hacce
1058 998 1115 1039 aar

68 1066 129 1118 etue
160 1058 242 1117 halle
270 1060 418 1132 Ταριιιὶοι
444 1076 500 1133 coa
528 1056 663 1116 einander
690 1057 812 1131 eatferct
839 1058 912 1117 eiad.
954 1055 990 1116 ld
1006 1070 1118 1132 auteur·

68 1141 188 1216 Graeci,
211 1148 352 1213 utsupra
373 1141 491 1199 uberius
511 1139 690 1214 explicatum
708 1149 763 1215 eet,
784 1142 827 1199 ita
846 1138 985 1217 efficiunt,
1007 1154 1038 1203 ut
1057 1146 1114 1205 uh·-

67 1225 142 1301 quid
167 1246 232 1283 cum
257 1223 461 1283 adfirmatione
486 1231 611 1300 ponant,
638 1222 716 1283 uude
741 1224 940 1284 ratiocinando
962 1225 1113 1305 efficiatur,

67 1308 152 1383 quod
172 1310 283 1383 velint,
309 1316 387 1367 reete
407 1327 471 1367 eece
489 1306 608 1367 habere.
648 1304 712 1367 Ueu
735 1316 832 1367 autem
854 1316 884 1367 et
904 1313 1114 1372 consuetudine

64 1390 220 1468 loquendi,
234 1392 341 1469 factura
363 1398 422 1467 eet,
447 1398 479 1449 ut
502 1393 535 1449 in
555 1392 707 1467 plerisque
727 1390 801 1451 lucie
822 1392 911 1466 plane
929 1396 1035 1453 onuieea
1054 1399 1114 1455 iata

65 1478 252 1535 ratiocinatio
274 1478 327 1533 eit:
355 1477 388 1533 in
410 1474 477 1534 aliie
496 1482 592 1534 autem
612 1476 693 1550 locis,
712 1477 763 1534 ubi
778 1478 865 1534 iatam
881 1475 1112 1539 adfirmatiouern

64 1564 197 1635 priore·
220 1566 397 1635 paruerunt,
425 1558 457 1617 id
483 1559 561 1633 quod
582 1568 659 1617 recte
682 1567 768 1633 etque
792 1559 895 1619 ordine
917 1560 983 1619 lieri
1006 1567 1111 1641 potuit,
1190 1565 1192 1572 ’

64 1666 99 1703 uc
124 1652 227 1719 poetae
250 1643 367 1703 demum
387 1642 435 1717 id,
464 1642 542 1717 quod
565 1664 605 1702 ex
629 1644 681 1701 ille
702 1642 905 1702 adfirmatione
931 1657 1118 1721 aequaretur,¹
1227 1698 1232 1709 .

64 1729 261 1803 explicarunt,
283 1729 461 1803 grammatici
486 1727 558 1785 adeo
582 1724 742 1785 adsuefacti
765 1735 849 1785 eraut
865 1728 981 1803 volgata
997 1730 1118 1791 dicendi·

62 1816 200 1889 ratione,
230 1821 263 1870 ut
287 1815 437 1871 inversum
464 1813 621 1870 verborum
649 1812 781 1869 ordinem
811 1814 1016 1889 requirerent,
1044 1836 1119 1872 canu
1165 1885 1168 1894 ,

63 1897 230 1955 naturalem
253 1898 361 1953 scriem
377 1916 482 1963 ,earum
503 1896 735 1953 enuntiationum
755 1897 943 1973 ignorarent,
962 1897 1119 1975 similiter,

63 1990 94 2037 ut
116 1982 149 2039 in
173 1978 221 2039 luis
241 1979 323 2055 locis,
346 2000 420 2053 quoe
442 1979 528 2037 modo
549 1982 740 2039 tractavimus.

35 2102 43 2115 ·
148 2060 211 2123 Sed
237 2084 297 2121 non
324 2064 421 2121 minue
446 2062 630 2135 agnoscenda
652 2066 751 2139 prima
768 2063 821 2120 illa
843 2084 877 2121 ac
897 2066 1040 2124 naturalia
1061 2068 1108 2125 via

59 2148 222 2223 particulae
245 2140 308 2229 γὰρ
330 2154 375 2205 eet
401 2148 490 2204 etiam
511 2148 601 2204 iniis
622 2146 713 2218 locis,
741 2149 772 2203 iu
795 2148 900 2219 quibus
923 2147 959 2204 ad
980 2152 1119 2207 unitatis-2

60 2252 178 2290 sumam
198 2230 279 2289 illam
301 2228 415 2293 dicendi
431 2232 573 2287 rationem
594 2228 758 2301 adhibetur,
778 2236 811 2284 ut
831 2230 894 2286 sere
916 2238 1015 2289 nostro
1036 2232 1109 2289 ύοαα

60 2326 115 2373 aut
138 2313 245 2373 Latino
275 2334 343 2373 aaut
370 2313 419 2370 vel
447 2318 520 2371 enim
548 2310 727 2386 respondere
751 2310 892 2369 videatur.
936 2311 1051 2391 Quibus
1074 2317 1109 2371 in

61 2400 137 2457 locis
165 2418 250 2472 quam
281 2397 318 2455 ad
345 2395 463 2454 modum
490 2398 589 2453 natira
610 2396 661 2453 illa
681 2394 841 2469 particulae
861 2388 924 2479 γὰρ
948 2399 995 2455 uie
1016 2402 1118 2473 agno-'⁹

61 2480 169 2541 scendu
199 2488 274 2539 esset
302 2484 363 2538 iarn
390 2499 480 2553 cupra
506 2500 537 2553 p.
566 2485 626 2537 233
648 2499 693 2553 eq.
720 2478 898 2552 explicatum
922 2475 979 2538 eet.
1019 2478 1108 2541 conf.

59 2576 212 2639 praeterea
241 2584 291 2622 eoa
319 2565 415 2637 locos,
444 2583 519 2637 quoe
549 2561 694 2621 Devarius
721 2565 819 2636 primo
844 2563 909 2620 loco
941 2585 971 2637 p.
995 2568 1035 2622 48
1060 2586 1106 2641 eq.

61 2652 208 2719 tractarit,
229 2650 282 2721 qui
303 2654 399 2705 tamea
421 2649 548 2720 peccavit
568 2649 599 2703 in
614 2666 658 2721 eo,
681 2646 858 2721 quodmodo
872 2646 1107 2724 adproxumum,

56 2732 148 2791 modo
171 2732 365 2789 adrumetina
390 2731 466 2788 dixit
487 2723 550 2812 γὰρ
573 2732 689 2789 referri.
732 2728 872 2789 Refertur
893 2734 971 2791 euim
993 2753 1107 2807 semper

55 2816 99 2874 ad
130 2814 180 2887 id,
213 2814 290 2885 quod
317 2822 378 2873 erat
405 2817 438 2871 in
461 2813 645 2887 praecedenti
666 2818 811 2873 sententia
835 2818 1016 2889 primarium.
1054 2810 1122 2887 ,Aa

55 2900 99 2959 de
122 2895 261 2955 Isocratis
282 2896 343 2955 loco
362 2902 529 2973 Peaepycict
550 2901 579 2969 ς.
601 2902 650 2955 67.
674 2896 720 2959 ed.
741 2896 840 2956 Beluk.
864 2920 893 2973 p.
913 2905 955 2957 60
974 2911 1106 2960 extrema

56 2983 106 3042 ed.
122 2979 166 3039 Η.
180 2977 285 3055 Steph.
300 2982 386 3055 plane
397 2980 524 3039 dubitari
537 3000 596 3038 nou
608 2981 727 3053 poterit,
742 2982 775 3036 in
789 3001 846 3055 quo
860 2980 899 3037 ad
914 2974 974 3043 ούκ
986 2976 1106 3066 εἷάθη-
1155 2974 1160 2984 ’

55 3085 132 3138 σαν,
153 3064 239 3139 illud,
262 3066 339 3137 quud
360 3067 508 3139 sequitur:
535 3058 827 3138 καταισχυνθέντες
846 3058 910 3145 γὰρ
930 3064 1129 3127 Helenor-⁴

55 3142 171 3231 νήσιοι
186 3180 226 3192 -
245 3140 501 3231 ἡναγκάσθησαν
513 3147 687 3225 μετασχεῖν
702 3141 768 3204 τῶν
783 3139 948 3220 κινδύνων,
970 3148 1104 3204 refertur.
1195 3161 1199 3165 ·

55 3228 121 3291 Sed
151 3234 185 3291 in
212 3232 302 3292 altero
331 3232 393 3290 loco
414 3234 581 3305 Poaepyrici
605 3232 634 3301 §.
657 3232 707 3287 98.
730 3227 776 3285 ed.
796 3225 897 3285 Beki.
927 3226 957 3301 p.
981 3235 1031 3287 61.
1057 3229 1104 3289 ed.
1257 3242 1263 3251 ’

54 3313 100 3373 Η.
122 3313 243 3391 stapla,
269 3319 300 3374 iu
325 3337 383 3390 quo
404 3314 476 3373 luaec
496 3314 587 3372 verba
607 3311 769 3372 habeutur=
798 3298 821 3371 dl
850 3306 945 3372 κοινὰ
971 3308 1120 3374 πάντων·
1223 3386 1226 3392 .

54 3394 131 3463 ἐστὶ
151 3399 215 3461 τῶν
235 3390 497 3503 ναυμαχούντων,
521 3387 582 3459 oda
603 3386 670 3460 οἶδ’
695 3389 725 3467 ὅ,
747 3416 779 3457 τι
801 3391 853 3456 δεῖ
875 3387 1010 3473 λέγοντα
1031 3392 1105 3458 διοι-

53 3477 201 3563 τρίβειν·
224 3471 246 3542 ύ
268 3480 289 3545 d
325 3476 411 3547 ἐστὶν
431 3474 504 3543 ἴδια
526 3474 582 3543 καὶ
602 3478 662 3562 τῆς
682 3470 860 3577 ἡγιμρνίας
872 3468 950 3577 ἄξγα
964 3475 1020 3541 καὶ
1033 3481 1118 3555 τοῖς,

52 3560 316 3650 προειρημένοις
337 3556 596 3644 ὁμολογούμενα,
618 3558 766 3625 ταῦταὸ
803 3556 883 3634 ἒμον
903 3555 999 3641 ἔργον
1016 3559 1104 3626 ἐστὶν

54 3639 179 3710 εἰπεῖν.
207 3649 366 3712 τοσοῦτον
393 3642 456 3731 γὰρ
484 3641 505 3730 ἡ
535 3639 636 3719 πόλις
662 3637 756 3727 ἡμῶν
784 3639 952 3724 διέφερεν,
981 3636 1032 3705 ὅτ’
1064 3636 1120 3728 ἦν’

3 3720 8 3739 ’
54 3722 233 3815 ἀκέραιος,
264 3728 349 3795 ὥστε
372 3724 438 3793 xci.
464 3750 524 3789 non
545 3737 623 3789 recte
643 3727 720 3785 dixit
739 3726 886 3787 Devariue
910 3749 941 3801 p.
962 3731 1017 3786 49ι
1039 3723 1103 3812 γὰρ

53 3834 118 3872 nun
143 3814 179 3873 ad
201 3806 374 3890 proxumum
396 3806 488 3877 ταῦτ’
514 3808 596 3891 ε’μύν
617 3804 713 3896 ἔργον
735 3806 827 3875 ἐστὶν
843 3803 966 3881 εἰπεῖν,
990 3810 1044 3872 aad
1066 3811 1103 3870 ad

52 3890 130 3959 ἴδια
152 3892 209 3961 καὶ
231 3890 308 3973 ἄξια
328 3898 389 3982 τῆς
408 3891 601 3981 ἡγεμονίας,
635 3894 712 3969 quod
739 3896 879 3955 remotius
903 3903 998 3970 cenet,
1027 3894 1104 3955 refe·

52 3981 181 4040 rendum
210 4002 286 4041 eece.
330 3980 365 4040 ln
392 4002 427 4041 eo
453 3984 533 4041 euim
556 3979 620 4039 loco
643 3980 690 4056 id,
723 3979 802 4055 quod
823 3982 856 4037 in
877 3980 1018 4053 particula
1037 3974 1103 4063 γὰρ

51 4075 165 4139 spectat
188 4066 224 4124 ad
248 4067 455 4138 antecedentia,
479 4067 608 4140 pertinet
629 4062 721 4123 adea
742 4066 824 4137 ipsa:
845 4062 950 4125 ταῦτα
973 4054 1005 4124 d'
1023 4057 1123 4137 ἐμὸν·

51 4141 153 4229 ἔργον
174 4144 262 4212 ἐστὶν
283 4143 401 4213 εἰπεῖν.
444 4143 605 4225 Coniungit
625 4150 704 4209 euim
724 4140 798 4230 γάρ,
819 4153 851 4202 ut
871 4145 1022 4203 tumultis
1034 4144 1102 4203 aliie

49 4232 144 4307 locis,
165 4232 201 4292 de
225 4235 332 4307 quibua
356 4253 445 4309 supra
468 4233 612 4309 uidimus,
637 4235 680 4291 itu
701 4228 758 4288 hoc
779 4247 895 4303 quoquc
914 4230 980 4287 loco
1000 4248 1102 4288 narra·

51 4317 143 4377 tionis
163 4318 341 4394 principium
362 4337 482 4383 cumea
502 4319 644 4395 oratioue,
666 4322 743 4395 quiae
762 4313 857 4388 ipsius
877 4312 1025 4391 loquentiu
1045 4323 1101 4389 eut,
