2850 4842
268 434 327 517 s,
727 422 855 495 snas.

323 616 330 629 ⁵
354 601 404 665 Sic
425 600 553 678 tanqua
573 600 682 662 iactum
701 608 756 678 est,
777 608 808 661 ut
828 600 918 661 etiarn
938 600 971 659 i'u
991 598 1206 676 approbatione
1218 598 1322 661 stud-

271 693 377 765 saosu',
407 689 459 749 ubi
487 690 587 747 minus
617 689 706 746 stiam
736 687 970 761 exspectaveris,
1000 682 1071 743 huic
1096 682 1257 759 particulae
1284 686 1321 743 in

272 772 386 833 Graeca
405 775 543 832 orations·
559 772 641 829 iocus
663 773 719 847 sit,
745 765 837 831 saluti
855 771 889 827 in
909 788 962 843 eo,
990 766 1070 843 quod
1090 770 1149 827 iam
1168 765 1322 827 Duorins

272 878 302 933 p.
324 864 354 915 2.
377 857 540 930 usurpavit,
560 854 716 929 exemplos
739 844 847 915 Ἀλλὰ
868 850 978 926 καλῶς
997 864 1057 930 μοι
1074 848 1187 925 δοκεῖς
1201 846 1323 931 λέγειν,

273 940 353 1015 quoi
370 942 475 1015 petivit
495 958 535 998 ex
548 936 681 998 Platonis
699 937 775 996 libro
796 937 830 995 da
845 936 1000 1015 republica
1015 930 1073 992 lv.
1088 956 1120 1009 p.
1138 939 1209 995 168.
1221 954 1251 994 r.
1265 938 1321 993 19.

273 1023 320 1085 ed.
346 1021 448 1082 Beki.
472 1043 503 1097 p.
525 1026 597 1080 921.
626 1021 673 1082 cd,
694 1019 736 1080 H.
758 1017 881 1095 steph,
911 1019 961 1077 uhi
989 1015 1168 1079 Adimantus
1188 1014 1322 1077 Socratis

274 1105 401 1168 orationi
426 1106 489 1165 illis
516 1107 614 1165 varnis
638 1106 815 1181 adsentitur,
841 1110 891 1162 snt
919 1105 953 1162 in
976 1122 1012 1162 eo
1034 1102 1113 1175 icoo,
1140 1103 1194 1176 qui
1218 1110 1263 1161 est
1284 1102 1322 1161 in

274 1196 437 1266 Prosopon
457 1188 587 1249 eiusdem
603 1188 740 1249 Platonis
760 1208 791 1263 p.
813 1192 887 1246 298.
907 1207 938 1247 u.
958 1191 989 1248 9.
1009 1184 1056 1245 sd.
1076 1182 1176 1245 Beki.
1192 1205 1226 1260 p.
1245 1190 1322 1248 362.

274 1274 321 1356 stt.
333 1272 375 1331 Η.
391 1270 497 1347 Stepi.
528 1268 598 1339 Καὶ
617 1269 698 1358 περὶ
717 1264 843 1335 τούτων
863 1265 900 1333 δὲ
922 1260 1086 1343 εἰσαῦθις,
1109 1261 1322 1354 ὅτανβούλῃ,

275 1352 435 1433 διέξιμεν·
468 1356 524 1419 νῦν
551 1354 579 1419 (i’
605 1351 678 1435 ὥρα
705 1344 769 1440 ἤδη
798 1349 855 1417 καὶ
883 1343 934 1416 ἐπ)
958 1342 1320 1435 impromiscuum.

272 1432 375 1511 Ἀλλ’,
397 1427 438 1523 ἦν
458 1432 489 1501 δ’
514 1430 588 1521 ἐγώ,
611 1438 699 1502 οὕτω
718 1432 780 1522 χρὴ
799 1437 919 1507 ποιεῖν,
942 1428 977 1499 εἶ’
987 1454 1042 1498 σοι
1054 1432 1158 1498 δοκεῖ.
1200 1432 1323 1513 Quibus

274 1526 308 1582 in
329 1522 400 1582 locis
420 1526 475 1582 atsi
496 1524 594 1597 ipsum
614 1524 755 1584 orationis
776 1527 978 1595 argumentum
1002 1517 1165 1578 eiusmodi
1188 1537 1252 1577 essa
1273 1520 1323 1578 ri·

276 1598 370 1680 detur,
389 1616 421 1664 nt
444 1608 574 1666 minume
593 1604 869 1682 itanc-particulam,
892 1605 918 1663 si
938 1604 1064 1679 primam
1083 1604 1145 1679 eius
1166 1602 1322 1677 signitica-

277 1692 387 1748 tionsm
415 1692 547 1766 obtines,
573 1691 806 1766 exspectaveris,
835 1698 931 1747 tamen
959 1706 999 1747 ex
1019 1683 1197 1745 Graecorum
1221 1694 1323 1746 ruente

251 1825 253 1829 .
276 1775 446 1833 rectissume
464 1776 597 1832 instituta
617 1777 711 1833 oratio
730 1781 783 1833 est.
825 1768 904 1832 Nam
924 1771 992 1845 ilic,
1014 1773 1065 1845 qni
1085 1768 1141 1829 iroc
1160 1770 1248 1829 modo
1268 1768 1324 1828 ad·

176 1869 187 1887 ‘
277 1858 418 1932 sentitur,
446 1876 509 1915 non
534 1860 658 1932 opponit
685 1852 798 1930 aliquid
827 1856 953 1915 orationi
981 1853 1115 1929 ulterius,
1140 1852 1194 1914 sed
1220 1856 1323 1928 potins

238 1932 246 1955 ’
276 1941 341 2015 ipse
369 1948 398 1999 et
426 1959 458 1999 se
486 1950 515 2000 et
543 1942 681 2014 aiterum,
708 1942 826 2015 quicum
846 1938 993 2013 loquitur,
1018 1938 1082 1997 solt
1101 1938 1138 1997 ab
1159 1940 1239 1996 omni
1260 1936 1325 1997 alia

277 2025 452 2099 cogitatione
479 2045 615 2100 auocare,
642 2018 713 2083 dum
738 2025 824 2098 pouit
840 2022 1023 2097 'particulam
1044 2011 1144 2093 ἄλλά,
1173 2040 1261 2095 qnem
1284 2020 1324 2079 ad

276 2108 396 2166 modum
415 2128 470 2167 nos
491 2108 618 2183 quodam
636 2106 723 2167 modo
742 2128 896 2181 possumus
915 2108 958 2164 uti
979 2104 1121 2181 particula
1138 2105 1216 2175 docio,
1237 2104 1323 2164 seint

276 2194 311 2250 in
329 2192 383 2251 iilo
404 2191 487 2267 ioco,
510 2213 599 2267 quem
619 2190 724 2250 adtulit
743 2188 930 2267 Hartungins
947 2209 987 2248 ex
1007 2186 1139 2249 Platonis
1160 2192 1324 2264 Prctnporo

277 2296 309 2351 p.
340 2280 489 2349 170‚11.
519 2275 566 2337 ed.
594 2273 694 2335 Beki.
726 2296 757 2352 p.
781 2282 852 2333 320.
879 2270 913 2333 θ’.
940 2272 986 2333 ed.
1007 2270 1049 2332 Η.
1071 2268 1175 2346 Stepi.
1206 2262 1238 2334 εἰ
1259 2262 1324 2335 οὖν

279 2352 365 2435 ἔχεις
392 2354 625 2444 ἐναργέστερον
652 2350 924 2442 ἦμῖνὲπιδεῖξαι
945 2347 991 2433 ὡς
1012 2347 1274 2419 casandrium
1296 2348 1320 2437 ἡ

278 2433 390 2526 ἀρετή,
405 2436 457 2543 μὴ
480 2440 666 2528 φθονήσῃς,
688 2431 757 2503 ἀλλ’
780 2436 958 2517 ἐπίδειξον.
986 2429 1085 2511 Ἀλλ’,
1101 2426 1321 2521 titanum.

280 2517 355 2607 ἔφη,
378 2545 417 2587 ov
440 2517 623 2608 φθονήσω,
645 2526 696 2583 nbi
711 2522 896 2601 Protagoras,
918 2524 974 2585 etsi
995 2543 1106 2583 morem
1124 2523 1199 2599 gerit
1213 2520 1323 2580 volun-

279 2609 333 2665 tati
353 2603 499 2683 Socratis,
527 2616 557 2666 et
582 2610 624 2666 ita
644 2610 793 2684 oppositio
818 2608 901 2667 nulia
927 2616 970 2668 ast
994 2610 1027 2667 in
1048 2608 1196 2679 oratione,
1221 2613 1322 2674 tanum

278 2710 319 2749 ex
338 2699 437 2749 menta
457 2711 511 2750 sua
530 2694 622 2751 utitur
642 2693 784 2768 particula
806 2683 899 2764 ἄλλά,
917 2712 980 2767 ,qua
999 2690 1065 2766 hoc,
1086 2688 1165 2765 quod
1180 2690 1322 2763 inrupto·

277 2775 337 2851 irat,
359 2775 396 2832 ab
418 2777 498 2833 omni
518 2775 577 2834 alia
597 2778 773 2851 cogitatione
793 2774 909 2835 videtur
930 2794 1084 2852 segregare
1106 2782 1135 2834 et
1154 2794 1231 2831 nuno
1248 2774 1322 2851 ium,

279 2857 359 2932 quod
385 2858 505 2918 alterius
525 2859 670 2921 voluntati
692 2858 841 2935 concedit,
870 2880 905 2920 eo
927 2862 1025 2923 animo
1046 2859 1168 2934 accipit,
1195 2865 1228 2915 ut
1247 2857 1324 2917 uelit

161 3008 169 3017 .
277 2950 345 3016 post
370 2939 478 3001 habitis
506 2945 613 3003 catoris
634 2944 722 3004 rebus
750 2943 826 3003 hanc
850 2963 937 3003 unam
957 2945 1149 3021 potissumum
1168 2940 1322 3016 perficere.

277 3022 423 3085 Similiter
448 3026 560 3087 locutus
585 3025 758 3103 Xenophon
785 3035 830 3087 est
855 3029 888 3086 in
917 3028 1076 3104 Disciplina
1102 3027 1167 3099 Cyri
1188 3024 1240 3085 tib.
1260 3020 1322 3085 lv.

277 3130 341 3185 cap.
362 3105 404 3168 V.
427 3114 456 3184 §.
478 3114 528 3171 50.
551 3113 597 3171 ed.
616 3111 711 3172 Zeun.
744 3107 812 3174 Καὶ
835 3110 908 3189 νῦν,
938 3103 1085 3191 ἔφασαν,
1114 3103 1223 3188 λαβὼν
1243 3102 1324 3185 τοὺς

276 3186 421 3267 ἵππους,
456 3190 566 3267 ποίει,
596 3190 692 3271 ὅπως
719 3184 855 3280 ipsanio
881 3214 938 3259 σοι
966 3192 1059 3257 δοκεῖ
1079 3180 1176 3255 εἶναι.
1193 3260 1196 3264 ,
1214 3182 1325 3254 'AI-Hx

279 3270 418 3357 δέχομαί
437 3296 483 3354 τε,
506 3271 583 3362 ἔφη,
606 3275 662 3341 καὶ
683 3268 799 3378 ἀναθῇ
819 3270 898 3363 τύχῃ
920 3269 1016 3363 ἡμεῖς
1032 3296 1068 3338 ιε
1085 3269 1205 3350 ἱππεῖς
1217 3270 1324 3356 γενοί-

277 3362 381 3438 μεθα,
403 3356 460 3423 καὶ
482 3350 576 3441 ὑμεῖς
598 3358 741 3425 διέλοιτε
764 3382 804 3425 ιιι
824 3354 944 3431 κοινά..
967 3362 1018 3420 ubi
1040 3358 1134 3437 Cyrus
1155 3362 1198 3419 ita
1218 3356 1325 3419 adsen-

279 3445 367 3518 titur,
398 3452 431 3502 nt
458 3465 497 3504 ex
523 3449 622 3505 ments
648 3466 703 3507 sua
729 3442 785 3505 hoc
805 3447 910 3505 ceteris
931 3446 1017 3504 rebus
1038 3450 1186 3519 opponat,
1212 3452 1244 3501 ut
1265 3463 1324 3503 nos

278 3525 419 3585 dicimus:
452 3528 547 3599 noct»,
575 3530 622 3588 icis
648 3530 745 3588 natanta
769 3532 811 3586 sio
840 3548 878 3588 nn
906 3537 956 3586 sto.
1004 3525 1065 3587 sed
1091 3535 1189 3587 tamen
1213 3527 1247 3585 in
1271 3524 1323 3587 his

277 3608 349 3668 locis
379 3631 439 3669 nou
465 3632 620 3686 possumus
647 3614 746 3672 omnia
772 3611 810 3670 ad
834 3615 951 3686 rivum,
984 3621 1017 3670 ut
1044 3614 1146 3685 aium,
1179 3630 1324 3671 resecare.

277 3691 356 3755 Nam
368 3695 470 3754 moltis
484 3698 516 3754 in
528 3694 601 3759 locis
616 3694 735 3756 huiusce
751 3694 829 3755 modi
843 3695 983 3771 primaria
995 3695 1049 3754 iila
1061 3694 1221 3769 particulae
1234 3685 1324 3757 ἀλλὰ

241 3813 244 3823 ·
277 3782 324 3838 ris
344 3782 387 3837 ita
407 3780 525 3839 ridetur
543 3782 695 3839 obscurata
716 3800 793 3855 asse,
814 3788 847 3838 ut
867 3779 995 3853 deniquo
1017 3775 1093 3837 nihii
1114 3779 1175 3835 sliu
1188 3797 1244 3853 per
1256 3797 1324 3837 cam

277 3862 459 3938 significetur
477 3866 538 3923 nisi
559 3864 693 3924 alacritas
713 3862 855 3938 quasdam
878 3862 1093 3938 respondentis,
1115 3858 1167 3936 qui
1187 3860 1230 3925 sio
1249 3861 1325 3923 forti

278 3947 377 4006 animo
398 3947 467 4021 itta,
489 3966 564 4022 quae
585 3947 660 4005 alter
680 3956 889 4023 proposuerat,
910 3949 1032 4023 accipit,
1054 3945 1121 4005 duur
1142 3947 1235 4004 missa
1253 3944 1325 4005 iacit

277 4031 393 4104 reliqua
423 4033 537 4107 omnia,
569 4051 657 4107 quens
691 4030 729 4091 ad
760 4030 877 4090 modom
906 4029 961 4091 hoc
988 4030 1023 4089 tit
1051 4031 1083 4089 in
1111 4026 1324 4105 Xenophontis

279 4116 465 4190 Exposuitiono
486 4116 552 4188 Gyri
572 4115 625 4175 lib.
646 4113 685 4177 ΙΙ.
708 4111 781 4191 cap.
797 4112 838 4173 ll.
859 4119 888 4187 §.
903 4122 917 4173 i
932 4134 992 4190 sq,
1014 4115 1064 4173 nbi
1089 4120 1247 4189 postquam
1267 4110 1324 4173 hoo

279 4195 386 4254 dictum
404 4206 467 4256 est:
493 4188 581 4260 ’Ati’
605 4191 637 4262 εἰ
656 4192 823 4278 βούλεσθε
844 4196 1048 4269 συναπιέναι.
1071 4194 1165 4280 ἥκειν
1185 4186 1251 4280 ἤδη
1270 4217 1324 4259 aa·

280 4270 370 4339 λεύει
390 4279 450 4360 νῆς
470 4274 603 4358 νυκτός·
626 4274 658 4346 εἰ
680 4278 717 4348 δὲ
738 4273 794 4368 μή,
816 4272 916 4359 αὐτὸς
937 4278 1029 4367 πρωῒ
1050 4271 1188 4352 ἀπιέναι
1208 4274 1325 4366 φησὶν,
