2850 4842
299 480 342 549 64
661 474 778 574 sill-dp
804 476 853 567 νὴ
882 475 981 549 Ata.

298 654 334 710 st
352 653 428 709 caen
445 658 512 709 scot
531 667 610 721 cras,
629 659 696 710 suot
715 654 801 710 etium
819 650 866 709 di:
888 652 969 725 otqoi
986 656 1052 708 sons
1068 666 1147 721 usne,
1167 652 1340 727 erenriptm

298 740 384 794 owen
402 733 452 803 dc,
477 735 527 793 nbi
550 735 600 793 aad
618 754 685 794 cero
709 737 763 794 vix
784 733 881 792 locum
904 732 1002 791 habet.

114 818 203 873 Ἀλλὰ
225 820 298 892 μὴν,
383 814 519 876 Getarum
552 838 638 893 saepe
666 838 786 876 numero
815 818 852 875 ad
868 816 1031 892 ¹particulas
1057 804 1142 878 ἇλλᾶ
1161 812 1227 899 μὴν
1249 818 1342 875 iuter·

150 918 186 930 ··
203 895 247 960 75·
299 904 396 978 posita
418 901 476 959 alia
496 922 566 961 voce
589 901 697 961 accedit
721 902 861 979 particula
885 897 935 982 γε’,
966 921 1041 974 quae
1062 909 1169 958 certam
1192 900 1341 974 quandem

299 1006 399 1047 rocem
429 985 530 1061 effert,
559 986 652 1044 veluti
678 988 710 1046 in
740 984 873 1045 Platonis
906 986 1013 1059 Gorpio
1045 981 1124 1041 Part.
1154 980 1194 1041 ll.
1225 984 1283 1045 vol.
1312 982 1339 1041 l.

299 1093 329 1146 p.
362 1076 439 1142 112,
469 1074 517 1130 16.
554 1069 602 1127 ed.
633 1066 735 1128 Bekk.
771 1092 803 1145 p.
836 1072 907 1127 498.
936 1067 981 1127 ed.
1013 1066 1054 1128 Η.
1083 1065 1189 1143 steph.
1224 1060 1341 1136 Ἀλλὰ

298 1148 364 1237 μὴν
386 1146 422 1213 ol
439 1172 475 1231 γε
496 1147 656 1235 φρόνιμοι
677 1150 735 1215 καὶ
756 1147 790 1215 οἱ
807 1144 955 1237 ἀνδρεῖοι
972 1140 1106 1231 ἀγαθοί,
1132 1145 1165 1213 oi
1180 1146 1217 1214 δὲ
1231 1145 1339 1213 δειλοὶ

299 1231 355 1299 καὶ
376 1224 522 1315 ἄφρονες
543 1230 651 1299 κακοί.
703 1235 794 1316 Quod
817 1238 871 1295 etsi
891 1255 945 1309 pro
968 1237 1013 1293 rei
1035 1243 1137 1292 natura
1161 1243 1203 1292 est
1227 1234 1338 1291 sactum

298 1320 493 1392 saepissume,
524 1338 611 1377 nemo
643 1326 740 1378 tamen
770 1340 806 1378 eo
833 1316 1052 1393 progredietur,
1084 1339 1142 1392 quo
1172 1318 1208 1375 de
1232 1314 1338 1375 Xeno·

295 1400 407 1476 pluente
437 1400 555 1475 quidem
578 1422 751 1476 progressus
776 1409 820 1461 est
842 1398 1038 1460 Schneiderus
1061 1400 1098 1459 ad
1121 1400 1338 1503 Enpedtttosam

299 1487 364 1557 Opti
389 1484 442 1541 lit.
465 1480 509 1547 V.
535 1505 598 1559 cap.
625 1490 654 1545 8.
681 1488 709 1557 5.
732 1490 782 1544 26.
807 1482 913 1560 Zanna,
936 1493 969 1542 ut
993 1485 1145 1543 contendat
1166 1478 1251 1545 αλλὰ
1271 1478 1338 1565 μὴν

246 1606 253 1618 .
295 1567 459 1642 particulas,
483 1570 508 1625 si
528 1567 725 1641 respondeant
747 1566 866 1626 Latinis
885 1573 973 1645 alqui,
996 1576 1027 1626 ut
1045 1587 1120 1637 cero,
1141 1588 1259 1641 semper
1270 1588 1337 1623 cum

294 1650 436 1727 particula
458 1646 495 1729 γὲ
518 1652 657 1726 copulari.
700 1650 746 1709 Ea
770 1655 850 1711 enim
873 1660 916 1709 est
938 1648 1042 1709 harum
1061 1652 1267 1725 particularum
1284 1670 1337 1709 na·

295 1744 376 1810 tura,
404 1732 507 1793 uthis
530 1731 567 1815 γὲ
589 1737 757 1795 rectissume
781 1736 869 1794 adiici
892 1737 999 1808 possit,
1024 1735 1105 1791 nullo
1129 1746 1223 1792 autem
1248 1733 1336 1792 modo

294 1838 413 1878 necesse
443 1820 482 1876 sit
509 1818 540 1876 id
568 1838 685 1893 semper
711 1819 789 1889 lieri.
840 1815 927 1879 cont.
961 1814 995 1875 G.
1019 1813 1057 1875 G.
1080 1815 1267 1893 Krnegernnr
1297 1818 1336 1875 ad

259 1928 262 1932 ·
297 1904 363 1973 Cpri
389 1903 590 1977 expeditionem
616 1923 647 1976 p.
677 1906 749 1963 304.
779 1901 827 1964 ed.
857 1904 926 1959 mai.
973 1898 1087 1959 Eodem
1122 1903 1209 1959 modo
1246 1920 1333 1975 saepe

296 1988 385 2044 etiam
404 1983 442 2041 ed
460 1984 513 2044 lias
534 1986 689 2059 particulas
709 1985 875 2061 adiungitur
893 1984 1033 2061 particula
1054 1979 1120 2055 καί,
1142 1987 1169 2044 si
1184 1988 1259 2058 qnae
1273 2005 1335 2043 vox

296 2090 330 2129 ea
360 2068 502 2143 particula
527 2068 677 2127 efferenda
705 2080 762 2145 est,
793 2078 841 2128 aut
868 2072 900 2129 in
929 2070 1079 2128 sententiis
1102 2068 1222 2142 quidem
1243 2090 1334 2143 nega-

296 2154 365 2212 tivis
396 2142 474 2215 odelei
500 2152 658 2229 particula,
690 2175 777 2213 nemo
801 2161 898 2212 antem
919 2152 1036 2211 audebit
1061 2152 1249 2228 contendere,
1278 2150 1335 2211 las

295 2238 374 2312 ipsas
393 2237 546 2310 particulas
568 2239 610 2295 ita
631 2258 697 2296 cnm
719 2238 836 2297 illerum
854 2237 1064 2313 particularum
1081 2238 1113 2295 vi
1135 2257 1167 2317 ap
1189 2244 1334 2311 potestate

297 2323 474 2380 consociatas
505 2341 586 2398 esse,
616 2331 648 2380 ut
677 2330 726 2379 aut
755 2321 841 2381 aliter
871 2323 927 2379 dici
950 2322 1036 2396 plane
1061 2341 1120 2377 non
1141 2323 1248 2395 possit,
1281 2329 1334 2377 aut

297 2408 386 2463 etium
406 2403 520 2479 aliquid
541 2414 668 2463 mutetur
688 2409 728 2465 in,
745 2405 957 2481 significatione
978 2404 1094 2463 illarum
1102 2407 1239 2479 ‚priorum
1261 2424 1333 2477 par·

294 2488 463 2562 ticnlarum,
488 2490 515 2548 si
536 2486 592 2547 lrae
614 2492 793 2563 posteriores
818 2489 999 2562 adlicientur,
1020 2491 1064 2546 uti
1087 2487 1161 2562 apud
1178 2482 1333 2545 Platonem

294 2569 402 2644 legitur
428 2573 461 2628 iu
489 2570 542 2632 lib.
567 2575 611 2627 De
631 2573 794 2649 republica
819 2570 861 2634 V.
887 2570 967 2631 Part.
992 2569 1049 2630 lll.
1072 2572 1131 2632 vol.
1156 2569 1181 2629 1.
1203 2593 1233 2645 p.
1257 2575 1332 2629 251.

108 2647 201 2704 Ἀλλὰ
221 2647 279 2721 μὴν
296 2654 341 2713 ed.
371 2651 472 2713 Bekk.
501 2666 531 2729 p.
563 2657 636 2714 468.
666 2655 713 2715 ed.
743 2655 784 2717 Η.
812 2655 916 2732 Steph.
946 2647 1051 2717 Ἀλλὰ
1076 2649 1142 2736 μὴν
1171 2650 1226 2716 καὶ
1252 2645 1329 2717 καθ’

170 2723 226 2774 καί·
285 2730 436 2817 Ὅμηρον
452 2737 544 2811 ’τοῖς
574 2736 721 2802 τοιοῖσδε
753 2741 852 2817 τιμᾶν
883 2739 948 2802 τῶν
978 2734 1058 2801 νέων
1090 2734 1165 2801 ὅσοι
1178 2776 1181 2787 .
1196 2728 1332 2818 ἀγαθοί,

295 2828 325 2879 et
354 2820 464 2879 ibidem
493 2820 592 2923 paullo
622 2831 689 2880 ente
714 2845 745 2898 p.
772 2828 844 2882 249.
869 2822 914 2882 ed.
940 2820 1039 2881 Beth.
1064 2844 1095 2896 p.
1120 2825 1192 2879 467.
1219 2819 1258 2881 A.
1284 2819 1333 2878 ed.

111 2894 279 2968 ’Altclplpv
294 2902 335 2962 Η.
366 2901 471 3004 ξηρὴ.
508 2897 607 3004 All&
631 2900 709 3009 μὴντ
723 2902 781 3006 unxi
806 2900 962 2985 μαχεῖταί
989 2926 1025 2986 γε
1051 2904 1119 2967 πᾶν
1149 2901 1232 2981 ζῶον
1258 2900 1334 2965 δια·

126 2970 276 3037 zat—ys?
295 3007 464 3071 φεροντως
485 3008 661 3068 scaporum
682 3012 728 3050 ων
750 2982 789 3053 to
808 2986 905 3132 adep,
935 2997 984 3047 aut
1008 2987 1141 3045 adiunvla
1161 2978 1238 3050 ῡῧδὲ
1263 3007 1333 3062 1²⁸¹·

294 3073 381 3131 ticula
404 3071 480 3147 apud
498 3068 662 3130 Homerum
686 3080 729 3132 est
751 3076 784 3132 in
805 3054 869 3136 lltcl
886 3093 917 3132 os
938 3074 988 3131 lib.
1010 3069 1137 3131 XXIII.
1160 3091 1190 3132 a.
1213 3074 1288 3137 441.

111 3200 199 3289 ’Allfl
217 3199 278 3272 μὰν
438 3199 513 3255 ’Att‘
535 3202 568 3257 οὐ
585 3201 646 3276 μὰν
663 3203 723 3259 οὐδ’
741 3200 778 3266 ὣς
795 3199 859 3279 drap
878 3201 961 3279 ὅρκου
980 3204 1041 3277 clap
1058 3196 1171 3256 ἄεθλον.

156 3271 231 3325 wll·
292 3322 359 3384 Hae
391 3328 472 3384 euim
500 3329 658 3401 particulae
686 3348 786 3388 omues
814 3330 856 3387 ita
889 3327 1080 3400 adiiciuntur,
1109 3334 1141 3382 ut
1168 3322 1245 3382 nilril
1267 3346 1333 3383 cum

292 3410 440 3484 particulis
473 3401 557 3473 ἀλλὰ
580 3408 646 3495 μὴν
670 3430 821 3470 commune
845 3410 989 3486 habeant,
1015 3409 1068 3471 sed
1091 3408 1127 3467 ad
1152 3410 1334 3484 singularem

253 3528 259 3537 κ
291 3494 387 3566 potius
409 3496 498 3552 totius
521 3498 663 3554 enuntiati
683 3500 833 3555 notionem
852 3497 1032 3570 pertineant,
1059 3504 1092 3551 nt
1115 3513 1204 3565 opera
1226 3492 1335 3553 lterum

222 3586 225 3591 '
292 3576 518 3636 enarrandamm
540 3601 638 3640 rernm
659 3580 807 3640 commode
828 3579 1017 3654 supersedere
1039 3579 1195 3654 possimus.

592 3758 861 3851 'Atto-vr>
904 3760 1027 3829 Δια.

125 3903 215 3959 ’Μ
241 3904 275 3977 Vl
375 3910 463 3993 Quod
483 3912 630 3973 Devarios
647 3936 677 3989 p.
700 3921 738 3975 18
761 3936 808 3992 sq.
830 3916 990 3991 explicavit
1011 3914 1047 3975 de
1067 3914 1193 3993 formula
1214 3912 1332 3972 dicendi

174 3979 239 4032 Ata.
291 3985 376 4058 ἀλλὰ
405 3992 443 4080 νὴ
471 3993 556 4072 Δία,
584 3998 617 4057 id
648 4001 703 4057 etsi
729 4021 782 4077 per
806 4021 838 4060 se
864 4004 918 4060 vix
945 3999 979 4058 ad
1003 4004 1096 4075 ipsam
1121 3998 1330 4074 particularum

147 4120 150 4126 .
180 4079 211 4128 P·
230 4079 273 4133 18.
290 4078 449 4139 doctrinam
472 4086 616 4158 pertinet,
645 4104 734 4157 quom
760 4074 845 4146 ἀλλὰ
868 4084 946 4143 nihil
969 4084 1046 4143 aliud
1068 4086 1126 4141 nisi
1147 4091 1276 4157 opponet
1300 4082 1330 4137 ei

288 4165 343 4236 rei,
365 4186 441 4237 qnae
464 4164 538 4224 dicta
559 4176 614 4241 est,
635 4188 740 4225 novam
762 4188 833 4242 rem,
855 4171 945 4227 verbe
962 4177 1060 4227 autem
1077 4161 1115 4249 νὴ
1137 4168 1207 4229 Δία
1226 4164 1262 4222 de
1279 4182 1329 4237 eo,

290 4245 369 4316 quod
394 4250 454 4305 ism
479 4248 656 4326 declaratur,
683 4273 795 4310 summo
824 4272 912 4326 opere
940 4255 1026 4328 qnasi
1047 4254 1111 4309 inre
1133 4248 1258 4307 iurando
1279 4244 1331 4304 ed-

289 4324 422 4404 lirment,
452 4340 556 4411 teman⁸
572 4343 729 4412 propterea
756 4334 814 4394 lruc
835 4338 934 4399 vocari
956 4339 1069 4414 potuit,
1095 4332 1173 4410 quod
1195 4334 1333 4409 aprima
