2850 4842
317 468 384 540 24⁰
491 452 494 459 Ι
792 462 888 557 γάρ.

320 639 407 718 qneal
433 633 543 709 Latine
571 634 668 697 dloane
703 655 738 697 eo
769 656 837 698 oceo
866 634 939 697 mtto
968 631 1087 717 &undu
1114 642 1190 698 nn.
1242 641 1368 700 Poetae·

318 729 407 802 i9itsir
429 731 529 783 nostro
550 725 651 781 sicitas
672 720 828 781 antistabat
850 728 903 781 etc.
941 716 1028 789 ‚Vide
1051 740 1127 795 quaa
1140 723 1204 797 ipse
1218 719 1369 783 llerarius

320 810 354 867 in
375 806 562 882 sequentibus
585 804 754 881 explicavit.
797 802 912 882 Quibus
936 803 968 861 in
990 802 1063 862 locis
1082 824 1170 878 quem
1192 805 1369 867 admodum

320 892 417 967 prima
436 893 482 949 vis
506 887 665 964 particulae
686 880 751 971 γὰρ
774 894 914 963 exstaret,
936 886 1038 961 paullo
1059 898 1126 947 aute
1147 888 1286 949 diximus.

405 972 502 1032 Elium
521 975 554 1030 iu
577 972 828 1046 responsionibus,
849 973 1000 1045 inquibus
1011 970 1098 1048 uolgo
1113 983 1182 1031 aute
1193 974 1369 1048 particulam

321 1051 384 1140 γὰρ
413 1054 525 1129 aliquid
552 1053 750 1129 supplendum
775 1074 840 1113 esse
867 1057 1063 1129 existumant,
1087 1058 1184 1113 nativa
1203 1057 1257 1115 illa
1277 1058 1368 1117 adtir-

320 1138 421 1199 muudi
440 1137 631 1214 significatio,
659 1158 749 1212 quem
767 1135 856 1197 habet
876 1158 912 1197 ea
932 1138 1089 1213 particula,
1116 1138 1275 1199 admodum
1298 1162 1370 1201 cou·
1422 1169 1424 1178 ·

321 1225 425 1298 apione
450 1231 496 1283 est
522 1241 616 1295 eaque
639 1221 676 1280 ad
698 1241 748 1281 eos
771 1220 851 1283 locos
871 1232 949 1281 recte
967 1221 1179 1297 intellegendos
1207 1244 1289 1300 pene
1316 1246 1368 1283 ne·

320 1308 447 1367 cessario
475 1304 649 1379 explicanda
678 1315 731 1363 eat.
772 1302 877 1380 Neque
903 1307 1001 1379 enim,
1032 1313 1170 1379 utsupra
1189 1308 1252 1365 iarn
1274 1311 1368 1385 signi·

320 1390 483 1465 licerimus,
504 1388 663 1463 quidquem
683 1387 875 1463 supplendum
896 1396 1026 1449 estante
1045 1392 1279 1451 enuntiationem
1293 1413 1366 1468 eam,

322 1494 400 1550 quae
420 1473 545 1533 insertur
560 1492 614 1547 per
632 1472 802 1546 perticulam
822 1465 895 1557 γάρ,
911 1471 963 1532 sed
977 1480 1010 1531 ut
1025 1474 1121 1532 omnia
1133 1482 1249 1533 constet
1264 1479 1367 1550 oratio,

320 1567 424 1633 postea
459 1556 575 1615 demum
610 1553 721 1630 eliqpid
750 1558 837 1615 tacita
861 1558 1036 1632 cogitatione
1064 1555 1276 1617 adsumendum
1302 1562 1365 1634 erit,

209 1702 214 1713 ,
321 1640 375 1700 sed
396 1638 472 1699 nihil
494 1648 591 1697 tamen
609 1638 719 1713 nlieui,
737 1659 840 1699 verum
862 1639 894 1698 id
916 1642 1029 1715 ipsum,
1049 1639 1128 1714 qnod
1150 1661 1186 1701 ea
1207 1646 1367 1716 sententia,

321 1743 399 1799 qnae
421 1722 569 1798 praecedit
591 1717 655 1806 γὰρ
678 1723 853 1798 particulae,
876 1723 1051 1782 enuntiavit.
1093 1720 1144 1782 Sic
1165 1726 1199 1783 iu
1220 1726 1366 1799 illelom,

321 1827 409 1883 quesn
428 1809 555 1883 primum
578 1808 678 1881 posuit
697 1803 845 1867 lleverius
864 1829 895 1882 p.
918 1809 970 1865 50.
992 1828 1031 1866 ex
1050 1800 1265 1884 Aristophanis
1284 1811 1366 1868 Pluto

321 1910 353 1953 r·
379 1895 461 1951 1148
482 1882 611 1966 sq.,'ut›i
629 1897 783 1967 postquam
804 1887 892 1950 (lario
913 1890 1007 1950 dixit:
1146 1895 1149 1898 ’
1183 1883 1188 1891 ’

493 2013 598 2074 'Enete'
618 2017 765 2079 ἀπολιπών
780 2017 843 2082 τοὺς
859 2008 943 2083 θεοὺς
958 1997 1061 2078 ἐνθάδε
1078 2026 1174 2093 μενεῖς
1178 2044 1190 2090 ,·

321 2142 478 2222 respondet
498 2140 683 2205 Mercurium

548 2262 590 2319 Tol
606 2262 661 2341 γὰρ
678 2260 747 2339 παρ’
763 2261 836 2338 ὑμῖν
855 2265 913 2321 tori
928 2266 1026 2334 delato
1044 2262 1136 2335 notri„

322 2399 381 2458 qno
399 2382 432 2440 iu
452 2380 517 2440 loco
537 2400 599 2439 uon
621 2381 691 2439 satis
711 2386 787 2439 recte
801 2377 948 2441 lleverius
963 2380 1031 2440 dicit
1044 2378 1242 2441 Mercurium:
1261 2380 1363 2458 μενῶ,

321 2474 495 2539 antequem:
527 2458 569 2525 τὰ
590 2457 654 2546 γὰρ
676 2454 759 2544 παρ’
783 2454 861 2543 ὑμῖν
881 2458 952 2526 ἐστὶ
971 2459 1092 2543 βελτίω
1113 2457 1216 2538 πολύ,
1244 2462 1364 2539 diceret,

321 2550 408 2606 tacite
430 2548 608 2623 cogitatione
636 2549 669 2603 in
691 2549 789 2605 animo
809 2566 864 2607 auo
885 2547 1020 2607 voluisse.
1061 2544 1139 2607 Nem
1160 2550 1201 2605 ita
1220 2547 1364 2622 procedit,

320 2631 348 2691 ai
370 2638 504 2689 naturum
524 2623 587 2711 γὰρ
610 2630 776 2704 particulae·
791 2632 963 2690 interiorem
985 2639 1117 2707 spectes,
1135 2633 1281 2690 sententia
1300 2633 1363 2688 eius

319 2712 388 2773 lodi.
433 2708 519 2771 cario
545 2711 632 2772 dicit:
668 2718 742 2772 worm
768 2714 906 2774 derelictis
929 2716 974 2774 die
1000 2716 1045 2772 liic
1067 2712 1214 2774 mandis?
1257 2712 1364 2773 Reddit
1422 2721 1424 2770 ξ

319 2793 504 2856 Mercurium
536 2798 613 2855 Sane
631 2798 751 2874 ,quidem
780 2798 857 2873 opud
884 2818 944 2881 ooe,
963 2798 1051 2857 enolto
1082 2799 1182 2856 suetiae
1212 2806 1266 2856 est.
1313 2794 1362 2855 Sic

319 2900 374 2955 per
392 2899 426 2938 se
449 2885 562 2940 constet
582 2883 734 2940 sententia.
775 2878 853 2939 Nam
874 2901 914 2939 ex
935 2901 987 2954 eo,
1008 2880 1087 2955 quod
1105 2878 1275 2940 Mercurius
1296 2879 1362 2938 dicit

319 2962 367 3028 hic
391 2963 483 3022 multo
506 2963 611 3021 melius
639 2984 724 3039 esse,
753 2963 881 3038 denique
906 2968 1056 3040 sequitur,
1081 2975 1114 3022 ut
1139 2966 1214 3023 velit
1234 2983 1361 3044 manere.

318 3044 355 3107 ld
381 3046 502 3121 quidem
529 3047 599 3119 ille,
628 3034 679 3121 qui
699 3050 741 3106 sic
760 3048 907 3121 loquitar,
938 3068 980 3107 ex
999 3068 1055 3124 eo,
1085 3048 1122 3107 de
1146 3068 1206 3123 quo
1229 3048 1362 3107 adfirmet

290 3196 294 3211 ,
318 3132 402 3206 ipse,
425 3131 512 3189 tacita
533 3132 753 3189 ratiocinatione
774 3127 905 3205 supple‘ri
927 3132 1008 3207 volt,
1029 3131 1081 3190 sed
1101 3134 1167 3191 eiua
1189 3135 1284 3191 oratio
1304 3152 1361 3189 non
1422 3137 1424 3142 '

318 3216 359 3273 ite
385 3222 483 3274 tamen
506 3215 643 3275 institute
667 3222 728 3289 est,
756 3222 788 3271 nt
813 3217 977 3273 necessario
1006 3215 1204 3290 supplendum
1232 3236 1296 3275 ease
1317 3216 1362 3272 vi·

319 3297 432 3358 deutur.
475 3294 584 3357 Contra
605 3300 630 3357 si
651 3294 713 3381 γὰρ
736 3296 813 3356 nibil
836 3297 916 3355 eliud
930 3318 994 3358 ease
1007 3301 1066 3358 uisi
1079 3318 1148 3358 none
1166 3308 1217 3357 aut
1232 3306 1360 3357 uostmn

319 3380 392 3439 deno
422 3382 600 3457 existumas,
618 3383 796 3460 *necessario
824 3381 939 3455 aliquid
967 3392 1052 3440 autea
1071 3382 1243 3458 ponendum
1265 3392 1309 3441 est
1322 3384 1361 3439 iu

319 3465 510 3535 cogitatione:
535 3465 566 3524 id
589 3464 669 3540 quod
688 3485 727 3525 ue
748 3473 843 3539 potest
865 3466 983 3538 quidem
1000 3466 1078 3524 lieri.
1119 3462 1215 3526 Nemo
1230 3468 1310 3525 euim
1322 3483 1360 3524 ex

318 3544 545 3623 interrogatione
563 3549 682 3608 alterius
705 3549 864 3625 quidquem
885 3551 968 3624 prius
984 3557 1081 3625 potest
1102 3550 1220 3609 alterius
1244 3551 1360 3609 nomine

318 3629 470 3707 supplere,
505 3653 595 3706 quem
624 3634 697 3692 alter
726 3634 791 3707 ipse
819 3633 930 3691 locutus
957 3637 1013 3694 sit:
1043 3652 1141 3708 neque
1167 3636 1281 3707 patitur
1308 3631 1360 3690 loc
1422 3657 1424 3684 ;

317 3713 411 3786 ipsius
434 3716 593 3789 particulae
615 3712 677 3800 γὰρ
698 3719 793 3791 prima
812 3737 845 3775 ac
862 3719 964 3776 nativa
985 3717 1172 3793 significatio,
1194 3718 1359 3790 quaeliqna
1422 3707 1424 3762 l

317 3814 384 3854 eum
409 3799 629 3857 ratiocinatione
659 3798 823 3860 edfirmntio
852 3800 1053 3859 introducitur.
1102 3798 1129 3858 F
1132 3802 1358 3875 requeutissusna

316 3885 364 3939 est
384 3898 419 3936 ea
442 3878 556 3939 dicendi
576 3884 665 3957 notio,
680 3890 712 3941 ut
734 3904 794 3941 non
817 3882 935 3944 difficile
957 3886 1104 3959 sitplures
1116 3884 1196 3942 locos
1212 3884 1364 3959 colligere.⁴
1422 3921 1424 3926 -

315 3958 476 4035 Adponam
499 3963 641 4038 quosdam
660 3985 701 4024 ex
718 3964 868 4042 Euripidis
880 3969 1054 4044 maniacis,
1074 3976 1106 4027 ut
1121 3966 1281 4040 osteudeni,
1301 3983 1355 4039 que

316 4045 448 4105 oratioue
473 4048 583 4122 ellipsis
602 4048 670 4125 illa,
698 4052 727 4110 si
748 4070 824 4126 quae
845 4052 996 4112 statuenda
1019 4055 1076 4126 sit,
1099 4051 1272 4126 explicanda
1291 4064 1354 4106 cese

236 4148 240 4157 ·
315 4128 458 4189 videatur.
508 4128 560 4193 Sic
589 4135 680 4209 igitur
706 4135 739 4192 in
768 4155 803 4193 ea
830 4134 932 4195 {thule
959 4157 989 4197 r.
1020 4138 1083 4196 598
1111 4153 1178 4213 etp,
1202 4142 1353 4210 postqum

314 4206 448 4272 Eteocles
468 4212 545 4277 hauc
566 4218 825 4294 interrogationem
841 4219 928 4280 fecit:

341 4362 343 4369 .
417 4313 496 4381 titire
517 4326 570 4386 osia
585 4334 730 4389 πολλοῖσιν
748 4321 831 4401 iton
846 4329 918 4409 πρὸς
933 4330 982 4390 τὸν
999 4330 1082 4389 οὐδὲν
1098 4329 1127 4393 n
1141 4324 1252 4402 μᾶκηνῐ
