2850 4842
418 369 492 461 pi,
525 375 573 460 γέ
599 401 695 457 τοι,
726 383 845 462 γοῦν.
1096 386 1161 449 317

84 568 220 607 nomen
239 545 374 609 offertur.
411 540 492 605 Vide
514 542 553 605 G.
566 544 608 605 Η.
620 543 773 609 Schaei'eri
793 551 936 628 Apporot.
958 552 997 611 uel
1013 556 1158 631 Destostlu

1 622 4 731 l
83 629 181 691 Vol.
204 626 261 689 lv.
283 652 313 707 p.
338 634 409 691 141.
449 624 561 691 Eadem
584 630 648 689 iera
669 652 770 692 caussa
790 642 849 708 est,
878 636 903 693 si
923 644 987 710 post
1007 641 1158 711 praeposi·-

88 718 221 775 tionem
248 724 278 773 et
304 712 474 789 particulam
495 708 533 795 γὲ
555 717 688 789 seqnitur
706 737 815 775 nomen
835 722 1001 795 praeposito
1025 721 1158 799 articulo,

86 800 200 859 veluti
220 800 255 857 in
271 795 427 873 Sophoclis
452 796 557 873 Oedipo
578 817 642 874 nepo
666 820 695 859 r.
722 803 803 859 35&
818 801 865 860 ed.
888 800 992 864 Herm.
1016 804 1137 864 dicitnr:

276 906 353 983 Πρὸς
370 912 418 964 τοῦ
435 910 593 979 διδαχθείς,Ι
611 909 643 965 οὐ
661 909 716 985 γὰρ
733 914 763 966 ἔκ
780 931 814 982 γε
828 916 877 981 ’τῆς
893 916 997 984 τέχνης.

90 1014 167 1075 Hic
191 1016 419 1090 praepositionis
444 1016 489 1075 ris
517 1014 627 1074 tollitur
651 1018 793 1090 particula
814 1014 851 1099 γὲ
875 1022 968 1097 magis
990 1040 1079 1095 qnam
1101 1043 1156 1098 no-

92 1101 207 1173 minis,
226 1118 404 1175 quamquam
424 1101 522 1157 omnia
542 1098 631 1158 haec:
655 1093 693 1163 ἔκ
713 1121 751 1181 γε
770 1102 829 1187 τῆς
849 1100 976 1184 τέχνης,
995 1107 1156 1178 aptissnme

93 1181 265 1242 cohaerent
293 1184 372 1241 inter
396 1200 440 1245 se.
483 1182 620 1264 Quodsi
643 1184 750 1255 dictum
771 1193 865 1245 esset:
892 1178 1018 1272 οὐγὰρ
1040 1184 1076 1250 ἐκ
1097 1188 1156 1271 τῆς
1267 1198 1279 1211 ’

95 1286 144 1347 γε
166 1257 294 1349 τέχνης,
320 1267 413 1341 magis
435 1264 589 1325 efferretur
610 1287 718 1325 nomen
740 1265 959 1350 mig-simp,
988 1270 1067 1344 quod
1086 1270 1155 1330 huic

96 1350 173 1407 loco
193 1353 290 1407 minus
311 1358 410 1425 aptum
432 1348 485 1408 e'et.
526 1348 633 1423 Neque
654 1353 733 1409 enim
754 1350 913 1411 metiendus
934 1362 979 1411 est
991 1352 1155 1429 Sophocles

96 1432 192 1491 illum
212 1434 368 1492 vorborum
391 1432 522 1491 ordinem
544 1454 605 1493 nnn
629 1434 735 1493 iecisse
756 1437 815 1493 nisi
837 1437 874 1493 oh
895 1446 1018 1494 metrum
1036 1458 1155 1495 serven·

97 1516 187 1575 dnm.
228 1516 409 1577 Rectissume
430 1518 508 1575 enim
523 1514 561 1575 G.
574 1515 764 1577 Hermannns
784 1521 817 1577 in
835 1519 927 1593 praei.
948 1518 987 1577 ad
999 1516 1155 1594 Sophoclis

99 1600 249 1659 Electram
272 1622 302 1675 p.
326 1598 416 1661 Vlll.
445 1599 634 1660 vehementer
660 1621 712 1660 eos
736 1604 777 1659 eit
800 1622 914 1677 errare,
946 1604 997 1677 qni
1022 1602 1154 1663 ordinem
1183 1644 1187 1648 ‹

101 1692 137 1742 et
158 1685 378 1743 collocationem
398 1686 555 1743 verborum
576 1684 638 1743 solo
662 1694 756 1742 metro
777 1684 854 1759 apud
878 1693 978 1761 poetas
1001 1690 1066 1760 regi
1089 1690 1153 1746 exi=
1226 1742 1232 1747 .

101 1776 242 1827 stament.
285 1765 414 1827 Sensum
441 1770 519 1826 enim
546 1778 575 1827 et
595 1768 766 1843 consilium,
796 1791 854 1842 qno
880 1768 1010 1845 quidque
1032 1772 1153 1845 dicatur,

102 1872 182 1926 quae
202 1860 282 1911 recta
302 1861 331 1909 et
352 1862 419 1925 apta
439 1854 476 1909 sit
495 1853 650 1911 uerborum
671 1851 831 1929 collocatio,
849 1864 1010 1913 monstrare
1030 1854 1152 1912 deberes

100 1945 211 2009 poetae
231 1936 302 1995 leoni
320 1935 395 1995 illud
417 1956 491 2009 esse,
513 1956 547 1993 ea
561 1936 672 2009 eligere
687 1937 787 2013 acrba,
808 1959 884 2012 quiae
899 1940 950 2013 sic,
972 1947 1002 1995 nt
1019 1936 1152 2010 debeant,

103 2020 237 2078 ordinati
258 2021 320 2079 sine
342 2014 428 2079 melei
449 2018 621 2078 detrimento
642 2022 766 2095 possint.
810 2019 858 2082 (li.
882 2021 1013 2081 eiusdem
1034 2020 1152 2079 iehnlae
1197 2044 1206 2055 ¹

103 2122 135 2162 v.
162 2108 253 2164 1³67.
270 2178 401 2237 xpum·
424 2179 492 2255 Mn,
511 2174 550 2243 eit
566 2183 597 2237 ἔν
612 2200 646 2252 γε
665 2188 723 2242 ἀῖς
743 2176 843 2250 Θήβαις
859 2187 992 2255 sponsu,

106 2326 166 2379 quo
190 2308 222 2365 in
246 2306 311 2367 loco
335 2307 392 2365 etsi
412 2308 569 2381 aptissnme
592 2302 797 2380 coniungenda
816 2310 885 2363 sunt
906 2304 997 2364 rerba
1020 2296 1055 2365 ἕν
1075 2302 1151 2375 ταῖς

112 2384 248 2473 Θήβαις,
272 2410 307 2449 eo
328 2398 424 2448 tamon
444 2390 623 2465 locoposita
644 2388 784 2465 particula
805 2382 842 2469 γὲ
865 2394 924 2461 est,
946 2394 979 2445 nt
998 2387 1151 2461 praeposi·

107 2474 192 2532 tionis
213 2477 257 2533 ris
279 2473 379 2548 paullo
401 2476 493 2547 magis
514 2484 631 2533 exstare
650 2472 799 2547 videatur,
825 2491 914 2545 wem
931 2478 1031 2529 cetera
1049 2470 1152 2547 rerhn,

106 2576 181 2629 (puae
212 2558 249 2615 arl
277 2556 402 2618 eundem
434 2559 595 2617 sententiae
626 2556 814 2631 complexum
842 2557 1000 2629 pertinent.
1042 2550 1150 2625 Neque

106 2643 187 2698 enim
206 2642 292 2706 aliam
312 2642 349 2699 ob
368 2660 499 2700 caussam
525 2642 615 2701 ullam
638 2643 697 2700 nisi
717 2642 755 2699 oh
768 2644 863 2717 ipsam
877 2641 1051 2704 sententiam
1065 2634 1149 2695 Plato

108 2726 223 2797 scripsit
238 2727 269 2782 in
282 2728 439 2799 Protagora
452 2723 530 2783 Part.
543 2721 567 2784 l.
579 2724 638 2784 vol.
650 2722 673 2781 l.
686 2746 713 2798 p.
728 2729 800 2782 241.
813 2723 860 2782 ed.
873 2720 975 2781 Beki.
987 2744 1017 2796 p.
1030 2723 1102 2779 358.
1113 2716 1148 2779 G.

108 2806 156 2864 cd.
177 2803 220 2867 H.
243 2804 342 2881 Steph.
379 2798 482 2871 ’Άλλο
503 2828 536 2869 τι
559 2797 629 2875 οὖν,
653 2800 737 2889 ἔφην
759 2800 840 2886 ἐγώ,
863 2802 922 2869 ἐπί
942 2826 979 2887 ys
999 2800 1042 2867 τὰ
1063 2798 1151 2865 κακὰ

107 2882 219 2964 sititis·
244 2881 324 2953 ἑκών
351 2884 481 2975 ἔρχεται
508 2881 586 2953 οὐδὲ
610 2885 667 2951 ἐπὶ
690 2886 713 2951 il
737 2884 845 2951 οἴεται
866 2880 952 2951 εἶναι
973 2883 1060 2950 κακὰ
1083 2878 1147 2947 sei.

104 2972 181 3032 Nam
204 2976 449 3049 praepositionem
471 2968 528 3036 ἐπὶ
549 2974 582 3030 in
606 2992 642 3030 eo
665 2972 729 3032 loco
750 2992 810 3029 non
823 2974 889 3030 sine
899 2974 1011 3031 maiore
1024 2970 1148 3071 quadam

103 3060 135 3116 ri
156 3056 213 3116 lici
234 3068 356 3133 apparet
376 3061 463 3117 etiam
484 3076 525 3116 ex
544 3078 590 3130 eo,
612 3056 691 3129 qnod
712 3065 812 3131 postea
834 3054 938 3111 (licitur
958 3046 1017 3115 ἐπὶ
1034 3048 1068 3124 ci,
1087 3072 1149 3109 non

105 3132 159 3223 ἐφ’
185 3136 218 3202 t‘i.
262 3139 310 3202 cf.
339 3140 469 3201 Platonis
496 3141 601 3200 Pleu-ed.
630 3136 707 3198 Part.
731 3138 773 3198 ll.
799 3137 858 3196 vol.
879 3133 935 3193 lll.
965 3140 1071 3209 p.·28.
1101 3133 1147 3193 etl.

102 3222 202 3284 Betk.
222 3248 253 3301 p.
276 3230 326 3285 69.
349 3225 389 3285 D.
412 3226 458 3285 ed.
481 3224 520 3283 H.
543 3222 648 3298 Steph.
682 3210 729 3285 oio
756 3216 796 3311 tlt)
824 3214 881 3282 stul
908 3214 973 3298 4γώ
1001 3208 1086 3279 κατά
1111 3234 1148 3298 y'a

102 3305 142 3373 τὸ
163 3304 300 3371 δυνατὸν
322 3301 417 3373 οὐδὲν
439 3300 605 3371 ἀπέλιπον
626 3302 660 3370 ἐν
681 3306 728 3391 τῷ
743 3301 818 3389 βίῳ.

186 3390 220 3450 Si
245 3392 371 3469 (lenique
400 3392 586 3453 antecedente
609 3392 825 3467 praepositione
847 3385 999 3445 articulum
1019 3386 1097 3443 inter
1117 3390 1148 3443 et

2 3476 4 3505 l
102 3496 212 3535 nomen
237 3479 451 3537 substantivum
481 3478 601 3552 ponitur
628 3473 664 3557 ys*
691 3472 848 3549 particula,
876 3468 948 3527 haec
968 3469 1087 3543 quidem
1111 3468 1149 3527 act

2 3582 3 3595 t
104 3580 188 3619 omne
209 3559 265 3619 hoc
286 3564 468 3621 enuntiatum
494 3562 628 3635 pertinet,
648 3559 701 3617 serl
722 3565 819 3615 tamen
842 3557 888 3612 vis
907 3556 1035 3611 nominis
1054 3556 1148 3627 magis

104 3664 191 3719 quam
217 3648 445 3721 praepositionis
469 3644 613 3703 indicatur
634 3642 793 3717 particulae
820 3638 1006 3697 collocatione
1028 3642 1057 3695 et
1078 3638 1148 3694 arti·

103 3728 161 3786 culi
188 3729 306 3803 quidem
334 3752 398 3788 cum
429 3730 548 3787 nomine
578 3728 740 3802 coniuncti,
770 3723 861 3783 veluti
882 3724 915 3781 in
937 3718 1148 3779 Demosthenis

103 3812 235 3871 oratione
258 3816 396 3891 Leptinen
420 3817 452 3885 §ss
463 3814 514 3871 25.
536 3810 581 3870 cd.
594 3808 693 3870 Behk.
711 3832 739 3887 p.
755 3811 826 3868 464.
843 3807 888 3867 etl.
903 3804 1008 3866 Reisk.
1028 3803 1147 3862 elicitur:

103 3892 172 3957 lini
191 3892 259 3979 μὴν
281 3892 360 3979 περὶ
381 3896 439 3959 τοῦ
462 3916 498 3977 ys
518 3890 564 3979 μὴ
587 3883 673 3957 alvus
692 3888 847 3976 χρήματα
869 3885 963 3953 κοινὰ
984 3888 1025 3973 τῇ
1048 3879 1150 3949 πόλει

102 3972 210 4041 ἐκεῖνο
232 3969 317 4059 ὑμᾶς
339 3978 390 4043 δεῖ
411 3978 559 4053 σκοπεῖν.
582 3986 612 4037 et
632 3982 663 4037 in
687 3978 790 4037 eadem
811 3978 941 4034 oratione
964 3977 991 4045 ἦ.
1012 3976 1082 4030 119.
1101 3970 1149 4030 ed.

100 4058 204 4121 Beki.
235 4084 264 4137 p.
295 4066 366 4123 490.
393 4066 439 4123 ed.
468 4061 572 4123 Reisk.
609 4057 676 4127 Kal
706 4055 772 4141 μὴν
804 4054 885 4135 περὶ
913 4056 971 4119 τοῦ
999 4076 1035 4137 ye
1062 4050 1149 4135 μηδὲ

106 4138 279 4227 Θηβαίους
299 4143 424 4231 μηδένα
445 4146 543 4225 τιμᾶν
564 4138 646 4217 seh,
674 4163 763 4218 quem
789 4141 826 4199 ad
846 4140 962 4198 molum
985 4148 1062 4199 recta
1085 4159 1149 4197 cusu

102 4226 142 4291 G.
177 4226 336 4292 Dindorlio
369 4230 544 4293 Schaeserus
581 4230 676 4327 locam
715 4246 756 4285 ex
790 4234 974 4302 optumorum
1006 4224 1149 4283 lihrornm
