2850 4842
337 478 550 572 οπομρ
615 464 893 574 ποηρι’
1077 492 1118 558 m

68 658 200 736 legitur:
230 646 327 718 Ἀλλ’
357 650 433 734 ἐμοί
462 649 593 733 μέντοι,
625 642 653 715 ὦ
685 643 818 739 ίίαδρες,
851 646 892 719 οὗ
919 649 1056 734 δικαίως
1082 680 1120 740 γε

71 741 208 805 δοκεῖτε
246 740 296 823 τῷ
330 731 425 823 ἀνδρί
456 731 565 821 τούτῳ
591 733 823 815 χαλεπαίνειν·
865 731 927 815 tio
965 736 1029 825 γὰρ
1064 738 1120 805 καί

71 818 183 897 αὐτὸς
209 814 301 905 αἷπῷ
324 821 565 906 μαρτυρῆσαι.,
593 819 667 880 nihi
692 841 755 880 non
775 821 909 879 ridentur
933 843 1022 897 posse
1048 826 1120 885 istae
1217 857 1222 865 ·

69 906 237 983 particulae
264 906 362 964 locum
387 902 504 963 habere.
546 902 633 963 Nihil
662 908 830 963 animante
852 914 1025 980 transactum
1047 917 1120 984 erat,

71 992 154 1065 qnod
193 990 315 1048 huiusce
352 988 432 1046 modi
469 990 629 1046 orationem
666 989 832 1061 requireret
865 996 915 1045 aut
947 992 1033 1048 etiam
1066 1012 1119 1049 ax-

72 1082 203 1133 cnsaret.
245 1072 307 1131 Sed
334 1094 369 1132 eo
391 1073 462 1143 loco,
478 1092 516 1130 ue
534 1072 601 1129 libri
625 1072 743 1144 quidem
763 1074 826 1129 istis
847 1073 994 1147 particulis
1014 1072 1118 1132 suffra-

71 1168 201 1232 gantur,
234 1160 288 1231 qni
312 1159 344 1215 in
373 1156 432 1214 alia
459 1156 558 1213 omnia
583 1156 691 1215 abeunt
712 1163 741 1214 et
763 1154 953 1216 nullomodo
974 1167 1119 1234 receptam
1168 1225 1169 1231 ρ

71 1244 251 1318 scripturam
272 1248 397 1300 tuentur.

447 1414 614 1486 Ἀλλὰ
666 1413 745 1507 μή.

165 1573 250 1656 Quae
282 1572 429 1633 Devarins
456 1596 488 1651 p.
518 1580 557 1635 16
584 1595 631 1649 sq.
661 1572 699 1632 de
727 1572 875 1649 particulis
904 1562 989 1635 ἀλλὰ
1015 1568 1061 1658 μὴ
1090 1579 1212 1639 et'Attd
1228 1584 1268 1657 μὴ

74 1650 167 1721 (illd
193 1651 240 1739 μή
269 1679 354 1721 ποτε
382 1658 557 1734 disputavit,
586 1678 621 1717 ea
646 1679 701 1736 per
727 1677 793 1717 sese
813 1654 948 1715 huonon
972 1658 1150 1739 pertinere²
1188 1667 1215 1739 ς*
1253 1718 1261 1739 ,

74 1745 117 1802 ab
145 1763 181 1801 eo
209 1744 276 1815 ipso
301 1744 361 1799 iam
389 1743 549 1802 indicatum
573 1750 625 1801 est.
668 1740 759 1800 Nulla
788 1743 867 1799 euim
893 1742 1014 1799 interior
1042 1744 1120 1801 inter
1135 1725 1204 1775 “ll“
1222 1744 1262 1794 pu

75 1825 136 1885 luas
160 1826 316 1900 particulas
340 1826 495 1885 intercedit
527 1826 690 1884 coniunctio
719 1834 747 1883 et
775 1823 812 1882 de
842 1824 982 1899 particula
1007 1819 1053 1907 μὴ
1082 1824 1118 1883 ad
1153 1808 1229 1847 ποτε·

75 1932 108 1985 p.
132 1915 194 1968 128
215 1930 295 1985 sqq.,
317 1908 353 1968 de
369 1901 424 2052 pp‘l
438 1930 522 1972 ποτε
540 1909 577 1967 ad
596 1932 627 1984 p.
649 1914 709 1967 136
724 1928 770 1982 sq.
791 1909 945 1983 separatim
966 1907 1119 1969 dicendum
1134 1895 1166 1943 Γ·
1177 1895 1246 1945 ¹⁶⁶¹
1256 1896 1299 1947 ¹⁷·

78 1995 152 2069 erit,
185 2014 245 2067 quo
274 1996 370 2071 magis
424 2014 458 2052 oc
487 1994 551 2053 loco
581 1991 635 2051 has
665 1991 821 2068 particulas
852 1992 930 2065 taciti
961 1995 1118 2067 praeterire

77 2074 229 2152 qdaamns.

427 2212 769 2344 Ἆιιομήα

167 2410 216 2473 lle
241 2412 287 2474 tis
312 2410 461 2490 particulis
482 2410 629 2471 Devarins
648 2432 679 2485 p.
704 2414 744 2470 17
765 2430 810 2485 sq.
833 2406 909 2469 nihil
930 2407 1049 2485 quidem
1069 2408 1211 2469 ‹to-’Asta
1233 2411 1299 2487 μήν.

78 2500 156 2572 cuit,
185 2499 263 2572 qnod
290 2498 398 2556 salsum
427 2515 494 2555 esse
520 2495 684 2571 rideretur,
708 2493 761 2554 sed
789 2504 886 2553 tamen
912 2515 976 2554 mea
995 2494 1120 2569 quidam
1135 2520 1166 2572 p,
1185 2520 1228 2571 ῃ,

78 2586 227 2643 sententia
252 2586 286 2641 in
314 2579 495 2664 explicandis
522 2580 670 2654 particulis
700 2578 824 2638 debebat
847 2578 992 2655 proficisci
1018 2581 1055 2637 ab
1080 2581 1119 2639 iis

76 2667 171 2739 locis,
193 2668 244 2725 abi
271 2674 355 2725 extra
381 2665 582 2741 syllogismum
606 2661 663 2722 lias
687 2663 846 2738 particulae
868 2671 1020 2739 usurpatae
1042 2672 1120 2737 sunt

78 2758 113 2806 nt
135 2753 233 2807 natira
254 2769 353 2808 earnm
374 2752 420 2811 ris
444 2750 539 2821 magis
561 2756 708 2822 appareat.
751 2746 826 2805 Eam
850 2748 929 2806 enlm
950 2748 978 2808 si
997 2750 1119 2821 respici·

76 2853 169 2906 mus,
196 2832 251 2889 hoc
277 2833 371 2890 dicunt
398 2831 455 2890 hae
475 2833 648 2906 particulae:
678 2834 718 2888 At
738 2832 821 2890 vuldo
843 2833 952 2907 pridem
959 2873 969 2901 ‚
1003 2831 1118 2905 quade

76 2937 115 2975 re
143 2915 223 2973 inira
253 2918 392 2991 copiosius
417 2906 529 2974 dicetur
549 2914 585 2972 ad
605 2936 635 2989 p.
659 2921 747 2988 132„
777 2916 827 2972 ubi
848 2914 884 2971 de
905 2914 1031 2988 simplici
1051 2935 1118 2989 par·

77 2999 173 3058 titula
197 2993 263 3082 μὴν
288 3008 397 3073 agenr.
438 2996 492 3057 Ab
517 2997 573 3056 lnac
599 3000 677 3056 enim
701 3000 800 3055 nativa
824 2999 885 3055 eins
907 2997 1118 3072 significatione

77 3084 210 3158 prosecta
231 3083 283 3140 illa
304 3094 355 3157 est,
377 3104 464 3156 quam
483 3085 515 3139 in
533 3079 791 3155 ipso-Graecorum
809 3100 941 3139 sermone
954 3083 1039 3139 nobis
1055 3082 1118 3139 lere

77 3167 138 3225 luae
159 3166 318 3240 particulae
341 3167 471 3225 obtinere
494 3164 641 3235 ridentur,
662 3173 694 3220 nt
714 3162 893 3238 significent:
923 3164 963 3219 At
982 3182 1066 3232 sone,
1088 3172 1120 3221 ot

76 3250 222 3327 profecto,
248 3259 280 3308 ot
300 3267 381 3318 cero,
406 3248 456 3307 aad
477 3267 564 3316 sone,
592 3246 643 3305 scd
662 3264 727 3303 ocra
757 3252 787 3301 et
814 3264 889 3317 qnae
913 3254 983 3304 sunt
1002 3244 1120 3303 similia.

77 3331 133 3392 Sic
160 3330 317 3408 particulae
347 3323 431 3395 ἀλλὰ
451 3326 516 3414 μὴν
537 3332 664 3405 primum
683 3329 725 3386 ita
744 3336 899 3402 usurpatae
920 3334 1006 3403 sont,
1034 3336 1067 3385 nt
1092 3331 1121 3389 ei

77 3418 136 3492 rei,
157 3436 231 3490 qnae
250 3418 504 3491 contrapositam,
523 3414 580 3471 alia
594 3415 695 3501 nepita
709 3422 881 3487 opponatur,
900 3420 930 3469 ut
945 3409 1027 3486 haec,
1045 3433 1121 3487 quaa

77 3502 141 3558 iam
162 3502 281 3573 dicitur,
305 3520 485 3577 magnopere
505 3497 686 3571 adfirmatur,
715 3498 785 3570 quia
805 3496 836 3551 in
858 3495 1036 3556 antecedenti
1057 3518 1122 3556 ora·

79 3586 163 3643 tione
191 3584 356 3642 addubitata
383 3593 432 3641 aut
459 3584 547 3657 plane
573 3589 679 3655 negata
700 3581 749 3639 rel
772 3578 1048 3641 omninoaliorsnm
1072 3601 1119 3640 ac·

79 3678 166 3744 cepta
189 3688 255 3727 esse
276 3666 418 3726 rideatur.
461 3664 504 3724 lta
522 3667 555 3724 in
571 3665 624 3723 illo
643 3665 719 3736 loco,
742 3683 829 3737 quem
850 3656 997 3723 Desarius
1015 3685 1046 3737 p.
1068 3670 1119 3725 18.

78 3772 122 3811 ex
144 3750 352 3826 Xenophontis
373 3748 606 3809 Memorabilibua
620 3750 750 3808 Sopolis
769 3748 821 3809 lib.
842 3742 882 3806 ll.
903 3766 965 3820 cap.
986 3752 1017 3805 7.
1040 3748 1068 3816 §.
1088 3752 1118 3804 2.

79 3834 202 3911 adtulit,
233 3837 282 3893 ubi
310 3835 383 3894 haec
408 3836 498 3894 rerba
524 3833 676 3910 leguntur:
700 3820 855 3906 Ἔοικας,
881 3820 963 3913 ἔφη,
986 3817 1121 3909 ὦἈρί-
1166 3844 1169 3855 ·

79 3939 215 3999 αιαρχα,
243 3916 374 4003 βαρέως
395 3914 510 4001 φέρειν
529 3930 581 3977 τι·
603 3911 668 4015 χρὴ
698 3910 735 3979 δὲ
759 3914 819 3978 τοῦ
838 3907 965 3997 βάρους
983 3908 1120 3993 μεταδι-

78 3995 180 4063 δόναι
203 4005 274 4077 τοῖς
302 3999 434 4084 φίλοις·
467 3994 550 4073 ἴσως
576 4020 638 4083 γαρ
663 3988 703 4059 ι’ίν
730 3993 763 4060 τί
789 4018 826 4061 σε
849 3994 905 4060 καί
925 3990 1022 4080 ἡμεῖς
1043 4016 1120 4059 κου·
1169 4036 1172 4048 ι

77 4080 250 4202 picantias.
305 4082 374 4148 Kal
404 4076 422 4145 ὁ
450 4076 688 4185 Ἀρίσταρχος·
727 4072 830 4142 Ἀλλὰ
860 4074 940 4163 μήν,
975 4072 1056 4161 ἔφη,
1092 4066 1119 4139 ὦ

75 4163 263 4249 «ὥκρατος,
289 4164 324 4232 ἕν
346 4164 458 4251 πολλῇ
479 4189 515 4248 γε
537 4159 606 4242 εἶμι
627 4158 754 4247 ἀπορίᾳ
777 4156 853 4233 uzi.
874 4170 1027 4236 propterea
1047 4159 1119 4220 Ari-

75 4252 210 4313 starchus
239 4253 334 4312 reddit
356 4253 483 4312 orationi
505 4248 648 4310 Socratis:
680 4240 790 4308 'Alld'
804 4242 870 4329 μὴν
892 4277 930 4288 -
953 4240 987 4307 ἐν
1008 4242 1118 4330 πολλῇ

75 4358 112 4417 yc
140 4329 213 4417 εἶμί
238 4327 398 4424 ἀπορία,
429 4338 568 4413 qnoniam
592 4333 728 4397 Socrates
753 4332 813 4391 iam
838 4337 1005 4407 speraverat
1031 4346 1119 4406 possa
