2850 4842
297 792 768 875 'cnruruu

83 965 141 1036 ua
173 965 224 1035 a.
251 962 477 1056 pannicula,
508 963 547 1033 en
572 962 657 1036 em
682 955 753 1054 a»,
783 977 822 1036 a
849 962 936 1037 ave
956 969 1067 1042 aa...
1095 1021 1097 1029 .

4 1243 5 1250 ἵ
134 1164 324 1226 Universum<
343 1160 380 1224 de
410 1163 553 1239 particula
575 1153 615 1226 tta
636 1162 796 1226 doctrinam
817 1173 848 1226 et
870 1164 1016 1228 Devarius
1036 1171 1169 1259 ipsebtr.

4 1257 5 1326 j
53 1253 128 1312 olim
154 1258 233 1309 reete
249 1247 444 1312 ,adumbravit
473 1258 502 1307 et
524 1245 562 1309 G.
583 1244 771 1309 Hemnanuus
803 1270 898 1326 nuper
924 1252 957 1309 iu
981 1257 1101 1328 egregia
1132 1272 1216 1335 m,

52 1336 271 1405 dissertatione,
294 1352 382 1406 quum
404 1330 440 1390 de
460 1328 515 1394 bae
537 1331 680 1406 particula
700 1328 873 1409 conscripsit
891 1354 925 1393 ac
940 1340 1100 1411 separatim
1190 1378 1196 1389 ι
1217 1321 1239 1339 ”

54 1418 150 1479 edidit
178 1416 302 1490 (Godot.
326 1418 485 1473 Her-runaut
510 1420 553 1472 De
573 1417 714 1491 particule
736 1407 776 1479 dn
800 1417 863 1476 tttnt
883 1419 937 1475 11⁷.
965 1416 1101 1499 Lipsiae,

53 1502 134 1579 apud
152 1495 671 1573 EmeatumFleiacherum.1831.),
691 1500 734 1557 ita
756 1500 905 1561 enucleate
925 1502 1100 1578 copioseque
1128 1564 1132 1577 ,

54 1585 207 1660 exposuit,
228 1591 261 1640 nt
283 1602 362 1640 nunc
382 1584 443 1640 iam
468 1581 575 1640 melius
597 1580 634 1640 de
654 1584 719 1641 istis
739 1582 821 1659 locis,
841 1586 892 1659 qui
913 1586 1002 1643 etiam
1022 1608 1100 1648 nunc

52 1673 86 1727 in
112 1668 321 1726 dubitationem
345 1684 377 1723 ac
398 1664 638 1741 disceptationem
663 1668 761 1725 vocari
786 1669 919 1743 possint,
947 1670 1099 1730 iudicatur.

52 1751 192 1826 Namque
219 1759 287 1809 aute
307 1746 512 1807 Hennaunom
541 1748 601 1806 iam
627 1751 717 1808 etiam
739 1747 773 1809 G.
795 1749 946 1829 Reisigiua
967 1754 1000 1812 in
1021 1772 1100 1813 coatt-¹

53 1839 225 1893 intentatione
244 1833 280 1891 tle
298 1836 328 1892 oi
351 1840 378 1891 at
397 1851 451 1889 esu
473 1822 514 1892 dv
533 1833 708 1908 particulae,
741 1854 816 1908 quae
836 1845 879 1893 est
906 1834 1042 1897 adiuncta
1053 1827 1100 1897 ‘ad

53 1916 269 1991 Aristophanis
291 1916 388 1973 Nubes
412 1936 442 1989 p.
466 1916 639 1975 97-140.
667 1917 874 1994 intellegenter
894 1939 928 1978 ac
947 1922 1042 1995 perite
1062 1921 1100 1982 de

52 2001 109 2060 bac
135 2022 169 2060 re
194 2006 308 2076 egerat,
337 2008 367 2058 et
392 1996 465 2079 Ern.
494 1993 605 2072 Poppo'
625 1999 659 2057 de
685 2020 741 2058 nso
767 2002 925 2077 particulae
952 1995 993 2065 dn
1022 2004 1099 2080 cnud

55 2090 183 2143 Gtueecs
204 2084 448 2155 dissertationem,
470 2100 544 2156 quae
565 2081 673 2157 legitur
693 2085 728 2141 iu
749 2080 886 2143 Seebodii
905 2087 1100 2145 Miscellenets

52 2172 145 2227 critic.
158 2162 231 2224 Vol.
243 2162 268 2223 l.
281 2166 354 2226 susc.
367 2163 403 2241 l.‚
421 2163 560 2223 laudabili
581 2166 732 2241 diligentia
747 2173 957 2240 compoauemt.
999 2166 1099 2248 Quam

50 2255 92 2309 cb
123 2268 187 2308 ram
214 2270 268 2325 ego
295 2248 353 2309 boc
381 2250 444 2308 loco
474 2268 510 2306 ea
535 2256 648 2306 tautum
670 2249 838 2325 adtingam,
867 2269 942 2323 quae
966 2249 1041 2309 mibi
1062 2249 1101 2310 ad

49 2332 182 2394 Deras-ii
203 2332 433 2392 dissertationem
454 2331 618 2390 adnotanda
632 2331 797 2409 videantur,
818 2334 986 2392 universum
1000 2341 1098 2394 autem

48 2419 91 2477 de
111 2419 143 2477 ri
164 2437 197 2476 ac
216 2424 362 2493 potestate
380 2416 468 2475 buius
488 2416 646 2489 particulae
664 2416 902 2490 disputationem,
923 2418 950 2477 ai
964 2437 998 2476 ea
1011 2420 1099 2477 etiam
1135 2442 1138 2450 ’

49 2514 118 2560 tum
138 2522 212 2576 opus
235 2520 302 2561 esse
322 2500 464 2573 rideatur,
485 2498 522 2557 ad
532 2498 639 2559 calcem
653 2502 752 2576 potius
765 2500 834 2560 libri
848 2502 988 2579 reiiciam,
1011 2522 1099 2577 quam

50 2596 85 2645 ut
106 2584 166 2643 boc
182 2584 247 2643 locu
270 2584 379 2643 diutius
399 2582 552 2642 detineam.
1099 2606 1102 2611 ·

138 2665 219 2727 lllud
247 2678 343 2727 autem
369 2671 497 2743 ingenue
525 2666 637 2742 fateor,
662 2687 838 2742 quamquam
865 2668 897 2727 in
924 2668 1099 2743 quibusdam

48 2752 130 2812 loeis
153 2770 222 2809 cum
240 2748 280 2810 G.
299 2749 470 2811 Hermanno
488 2749 585 2810 lacere
606 2771 665 2809 nun
686 2772 817 2828 possum,
839 2762 1012 2812 nontamen
1024 2754 1099 2814 mibi

45 2834 72 2895 1.
87 2833 139 2895 A.
152 2833 363 2909 Hartungium,
382 2836 432 2909 qui
456 2833 516 2895 vol.
534 2831 575 2892 ll.
596 2855 627 2909 p.
649 2840 721 2892 218.
734 2853 802 2909 sqq.
825 2834 861 2894 de
881 2834 936 2895 lrac
956 2837 1099 2911 particula

45 2920 229 2995 disputavit,
249 2936 346 2993 neque
365 2915 401 2977 de
420 2920 485 2992 ipsa
508 2919 624 2991 origiue
645 2936 741 2990 neque
762 2918 798 2975 da
822 2918 914 2992 prima
935 2923 998 2979 eius
1019 2924 1098 2981 reela

44 3003 289 3080 significatione,
313 3022 397 3077 quam
421 3004 487 3076 ipse
510 2998 693 3060 statuendam
716 3002 885 3075 existumat,
908 3005 1098 3075 persuasisse.

45 3087 125 3147 Non
146 3088 228 3145 enim
248 3085 366 3161 dubito,
392 3088 463 3159 quin
485 3074 525 3147 ἂν
548 3082 689 3158 particula
712 3082 750 3141 ad
769 3074 1001 3148 verbum-alveo
1023 3088 1099 3146 anti.
1158 3128 1165 3133 .

44 3174 157 3246 quitus
189 3172 363 3244 pertinuerit
375 3169 421 3244 *),
457 3178 486 3228 et
515 3170 642 3242 primum
672 3167 799 3241 aliquam
827 3185 879 3240 per
905 3186 938 3225 aa
966 3172 1099 3227 enuntia·

44 3259 166 3313 tionem
190 3252 336 3329 affecerit,
362 3263 397 3329 ut
423 3253 487 3311 sere
513 3252 570 3310 boc
596 3249 651 3308 bac
675 3250 817 3326 particula
844 3249 967 3307 dicatur:
999 3256 1025 3310 ai
1053 3271 1100 3311 res

4 3344 5 3385 l
42 3345 126 3395 esset
146 3344 199 3395 nu
220 3336 316 3409 fieret,
341 3335 419 3412 quod
440 3356 493 3394 uos
513 3334 659 3394 dictumst
686 3340 764 3393 moire
781 3352 819 3402 es,
845 3343 908 3391 aut:
931 3333 1010 3407 falls,
1032 3335 1098 3396 vel:

40 3420 287 3479 corbonamenden
307 3420 404 3490 Fotis,
432 3417 615 3493 betraffenden
638 3418 728 3477 Falla.
771 3414 850 3475 Hinc
874 3425 991 3490 optume
1011 3422 1099 3479 etiam

41 3502 254 3580 intellegitur,
268 3522 320 3562 cur
339 3504 391 3562 illa
408 3502 549 3576 particula
570 3536 608 3547 -·
628 3499 670 3576 id,
689 3504 724 3560 in
739 3521 797 3576 quo
810 3502 874 3559 sere
886 3520 987 3560 omues
1001 3523 1100 3578 geum·

39 3587 154 3645 matici
175 3589 372 3661 consentiunt,
394 3586 432 3644 cl.
454 3584 613 3662 Hartungii
632 3585 740 3644 librum
761 3583 820 3643 vol.
843 3580 884 3642 ll.
905 3604 936 3657 p.
960 3592 1033 3644 220.
1058 3606 1096 3631 --'

39 3688 185 3745 semper,
204 3669 282 3744 qnod
303 3688 368 3729 esse
391 3678 444 3728 aut
465 3670 532 3729 lieri
551 3668 674 3745 dicatur,
697 3668 729 3727 id
751 3666 787 3725 ad
808 3666 934 3741 aliquem
957 3667 1102 3727 condicio·

4 3827 5 3832 η
34 3774 136 3829 nem,
156 3772 176 3810 α
196 3772 258 3828 qun
275 3750 331 3811 boc
350 3752 486 3828 pendeat,
504 3762 632 3812 revocet.
674 3748 735 3812 Sed
756 3750 873 3811 difficile
895 3758 941 3809 est
956 3754 1100 3811 radonem

4 3839 5 3864 ³
34 3844 164 3914 ipsun,
185 3856 244 3911 qua
264 3836 407 3911 particula
427 3846 488 3896 orta
503 3836 604 3908 fuerit,
620 3844 768 3912 praestare
785 3846 872 3913 atqua
888 3855 988 3895 earnm
1002 3856 1100 3895 rerum

4 3965 5 3973 .
34 3922 201 3997 originem
219 3919 374 3995 explorate
393 3922 546 4007 cognitum,
560 3917 638 3980 velle
657 3915 785 3993 babere,
807 3940 930 3994 quarum
952 3920 1100 3996 significa·

35 4010 168 4065 tionem
189 4002 309 4078 quidem
331 4008 476 4080 possimus
498 4003 688 4080 pernoscere,
710 4003 835 4079 originis
858 4012 953 4061 autem
976 4003 1099 4079 vestigia

35 4092 103 4149 rix
129 4088 260 4146 minuma
279 4096 474 4163 compareant.

122 4278 156 4348 ‘)
184 4285 218 4333 1·
240 4286 308 4333 banc
329 4286 499 4349 suspicionem
520 4284 570 4334 ium
593 4284 669 4335 rideo
693 4282 770 4334 atium
794 4284 827 4335 V.
845 4285 906 4333 Cbr.
922 4282 967 4333 tr.
984 4282 1099 4333 llostium

34 4352 177 4403 metatus
200 4353 229 4402 in
254 4352 363 4402 oanntt
390 4355 484 4403 Lnan'w
503 4352 811 4403 Homerico-Pindarico
830 4368 856 4417 p.
873 4353 916 4404 bb.
940 4362 967 4403 ot
989 4353 1099 4405 tortasse

33 4428 100 4473 atio
124 4424 186 4473 tou
203 4422 335 4485 neptunias
353 4422 386 4470 dc
402 4420 564 4473 heretici
582 4420 685 4485 potent
730 4498 735 4507 ἴ
842 4490 889 4547 7·
