2850 4842
283 435 348 505 ³28
596 433 664 519 pi,
696 432 745 519 γὲ
768 458 863 515 τοι,
894 436 1014 520 posu

283 608 453 668 anctoritate
478 606 633 665 constituit.
675 601 747 665 Non
771 604 861 663 multo
885 585 974 664 aliter
1002 620 1050 665 res
1073 624 1140 666 sese
1165 601 1279 681 babet,
1310 610 1343 671 si

282 692 423 767 particula
453 686 490 771 ys*
519 692 550 747 in
581 691 642 748 eius
674 688 755 747 modi
782 688 854 747 locis
882 698 950 763 post
976 708 1085 749 nomen
1112 691 1341 752 substantivum

238 834 240 839 s
283 778 392 841 reiecta
411 780 465 853 cst,
486 772 579 836 veluti
601 775 635 833 in
655 768 868 852 Aristophanis
887 776 963 831 Paos
986 794 1018 835 v.
1043 774 1115 833 452.
1139 774 1265 835 dicitnns

464 900 526 957 Ἐπὶ
543 904 592 958 τοῦ
609 904 710 976 τροχοῦ
727 904 760 972 y'
776 900 880 957 &sono
896 900 1138 981 poeouyoriparoc„

284 1028 390 1103 quibus
408 1028 442 1085 in
463 1027 562 1086 verbis
582 1026 630 1085 vis
652 1045 685 1083 sc
702 1033 832 1099 potestas
849 1026 977 1105 nominis
999 1028 1091 1101 ipsios
1112 1026 1245 1089 effertus
1288 1024 1337 1087 Et

282 1110 356 1173 baec
377 1108 495 1185 quidem
515 1108 652 1169 haetenus
673 1108 710 1167 da
733 1108 921 1168 collocatione
943 1111 1102 1183 particulas
1125 1107 1180 1190 γέ,
1210 1111 1335 1185 qnando

284 1194 393 1257 accedit
421 1193 457 1257 ad
485 1194 742 1268 praepositionem.
784 1189 969 1269 intellegitur
995 1196 1076 1252 enim
1099 1192 1188 1253 facile
1214 1214 1257 1253 ex
1278 1184 1335 1255 luis

282 1278 364 1343 locis,
383 1276 516 1341 omnibns
546 1296 648 1336 verum
675 1274 751 1336 iliud
777 1296 843 1336 esse
864 1284 1070 1352 praeceptum,
1095 1277 1269 1352 posticulam
1289 1274 1334 1358 γὲ

284 1382 350 1423 cam
369 1360 474 1423 efferre
496 1380 721 1434 vocem-quam
742 1362 871 1433 excipiat
892 1362 923 1418 in
943 1362 1099 1419 verborum
1120 1359 1231 1419 ordine.

367 1441 451 1503 Haec
473 1442 575 1517 regula
596 1452 710 1507 servolo
732 1452 776 1501 est
795 1444 885 1504 etism
904 1445 947 1503 ibi
962 1464 980 1501 a
993 1442 1115 1503 Graecis
1129 1446 1334 1519 scriptoribus,

282 1529 309 1587 si
330 1527 446 1603 mendo
466 1529 502 1584 ab
522 1547 556 1585 es
571 1526 721 1593 aberrasse
736 1528 793 1586 visi
806 1536 875 1587 sunt
887 1529 1081 1601 grammaticis
1095 1530 1216 1587 nostris.
1249 1526 1333 1587 Nam

283 1613 335 1685 qui
355 1610 404 1669 bic
426 1610 553 1685 proferri
573 1618 695 1685 possunt
716 1609 790 1683 loci,
818 1612 912 1669 iisut
934 1611 1012 1681 falso
1034 1612 1174 1670 intellecti
1199 1621 1268 1670 snut
1291 1614 1332 1671 ab

281 1694 488 1768 interpretibus
509 1701 560 1753 aut
580 1703 648 1756 sunt
669 1694 715 1753 illi
736 1693 853 1767 quidem
874 1696 915 1752 ita
935 1698 1102 1770 comparati,
1123 1705 1155 1753 ut
1169 1698 1248 1754 inter
1263 1716 1332 1754 enm

281 1796 392 1851 vocem,
413 1797 489 1852 quae
508 1775 637 1854 effertur,
659 1786 687 1836 et
707 1780 786 1836 inter
804 1778 975 1852 particulam
994 1775 1032 1858 ys
1052 1779 1152 1853 aliquo
1164 1782 1332 1848 voxinter·

282 1862 357 1919 iectu
376 1859 507 1938 legatur,
531 1881 605 1934 quas
627 1881 730 1919 sonum
752 1860 866 1924 nultum
887 1864 918 1919 iu
941 1865 1072 1922 oratione
1094 1862 1204 1922 bebere
1222 1868 1330 1945 possit,

282 1953 314 2008 ut
336 1944 398 2020 qno
417 1944 571 2005 reserenda
595 1946 635 2001 sit
659 1943 801 2018 particulo
823 1946 973 2004 obscurum
996 1966 1142 2005 essenon
1164 1959 1261 2021 quest.

366 2025 472 2087 Dicam
499 2026 547 2102 da,
565 2026 658 2098 sltero
685 2046 794 2102 genere
823 2032 914 2105 prius.
955 2026 1034 2089 Nam
1062 2031 1169 2104 quibus
1197 2033 1229 2089 in
1254 2032 1331 2091 locis

282 2111 425 2185 particulo
449 2106 485 2191 ys
513 2100 711 2194 ὑπερβάτιος
735 2113 834 2184 posits
860 2132 925 2172 esse
952 2116 1019 2171 visa
1046 2123 1090 2172 est
1116 2116 1198 2173 verbi
1226 2135 1331 2176 mussa

282 2192 336 2253 Fr:
360 2191 498 2252 Ellendto
526 2195 559 2251 in
588 2197 694 2253 issico
724 2196 877 2272 Sophocleo
902 2192 977 2255 Vol.
998 2194 1023 2255 I.
1045 2218 1075 2271 p.
1101 2201 1189 2273 349„
1219 2200 1241 2256 ii
1271 2199 1329 2256 loci

282 2278 369 2337 facile
393 2280 525 2337 revocari
551 2286 686 2353 poterunt
708 2276 744 2335 ad
766 2298 945 2339 communem
966 2280 1108 2355 loquendi
1128 2281 1273 2357 regulam,
1296 2292 1329 2339 nt

282 2364 331 2420 vir
361 2360 555 2421 doctissumus
581 2362 614 2419 in
642 2361 814 2436 quibusdam
838 2366 901 2421 eins
923 2362 1004 2423 modi
1030 2364 1102 2424 locis
1124 2366 1187 2439 ipse
1210 2366 1329 2423 intelle·

282 2446 366 2503 :isso
399 2444 523 2504 videtur.
577 2444 625 2504 Ae
649 2448 784 2519 primum
815 2446 936 2524 quidem
964 2448 1017 2507 ille
1047 2450 1143 2524 posuit
1168 2445 1327 2527 Sophoclis

286 2527 354 2597 oud.
376 2548 434 2605 rep.
455 2548 484 2588 v.
506 2529 579 2587 71⁴.
601 2526 647 2587 ed.
668 2525 772 2587 Herm.

447 2636 581 2709 Χρησμὸς
593 2636 652 2726 ydp
668 2629 738 2707 ’ἦλθε
755 2640 837 2710 Λαΐῳ
857 2641 930 2711 ποτ’,
949 2640 1000 2698 οὐκ
1015 2644 1067 2715 spot
1084 2704 1099 2726 u

449 2712 555 2774 Φοίβου
572 2726 592 2777 γ
622 2706 672 2761 ἀπ’
692 2706 786 2778 αὐτοῦ,
806 2714 860 2765 τῶν
877 2709 905 2764 δ’
927 2708 1065 2787 ὑπηρετῶν
1082 2731 1158 2780 οπο,

285 2829 344 2885 quc
371 2810 406 2867 in
431 2809 494 2872 loco
522 2832 609 2885 qurum
635 2810 749 2887 Apollo
773 2817 868 2889 ipsius
894 2823 1087 2892 opponeretnr
1113 2818 1327 2893 interpretibus,

282 2894 400 2969 putarit
420 2891 575 2955 Ellendtus
601 2895 738 2957 debuisse
763 2888 825 2962 dn’
850 2889 952 2963 αὖοοῡ
971 2922 1008 2980 γε
1033 2901 1100 2961 dici.
1141 2900 1175 2960 id
1199 2901 1253 2961 dici
1274 2926 1327 2977 po-

284 2974 377 3039 tuisse
396 2978 484 3039 facile
506 2978 631 3043 adducor
654 2992 684 3041 ut
708 2982 838 3058 credam,
862 2987 949 3043 etiam
971 2984 1107 3047 debuisse
1128 2988 1170 3043 ita
1190 2985 1246 3045 dici
1266 3008 1326 3046 non

283 3059 379 3119 oredo.
422 3059 521 3125 Potuit
542 3066 620 3123 enim
639 3065 741 3125 eodem
760 3069 824 3126 iure
840 3070 929 3129 etiam
941 3070 1037 3142 ipsius
1054 3068 1207 3145 Apollinis
1222 3091 1326 3129 nomen

190 3192 193 3197 ,
226 3186 230 3196 .
284 3144 396 3221 efferri,
418 3167 477 3221 quo
497 3151 693 3224 pronominis,
715 3160 802 3226 utque
822 3152 864 3209 ita
884 3152 956 3209 dici:
979 3173 1037 3212 ooo
1057 3154 1093 3212 ob
1114 3154 1246 3229 Apolline
1263 3160 1327 3232 qusi-

284 3228 346 3286 clcm
366 3234 438 3306 ipso,
460 3232 510 3289 sod
524 3232 559 3289 ob
572 3238 631 3290 eius
646 3235 851 3311 interpretibus.
894 3232 986 3311 idque
998 3236 1040 3295 its
1054 3239 1152 3296 animo
1166 3241 1326 3313 concepisse

283 3308 459 3387 Sophoclem
479 3315 607 3389 produnt
630 3337 676 3392 ea,
738 3337 773 3375 ac
787 3320 884 3392 posuit
898 3322 995 3381 verba.
1038 3319 1158 3379 Etenim
1171 3321 1229 3380 dici
1241 3325 1326 3386 etism

283 3396 456 3469 simpliciter
474 3402 587 3471 potuit:
613 3390 680 3477 οὐκΙ
694 3396 763 3462 απὸ
790 3397 918 3481 Φοίβου
939 3426 984 3483 γε,
1006 3393 1077 3466 ἀπὸ
1101 3400 1139 3468 δὲ
1160 3409 1224 3467 τῶν
1243 3400 1327 3487 ὑπῃ-

219 3520 224 3527 .
284 3477 412 3577 ppsciu„
442 3490 489 3555 ut,
522 3502 597 3557 quoe
626 3492 694 3557 post
721 3478 848 3564 Φοίβου
869 3507 905 3567 ys
929 3485 1041 3546 adiecta
1062 3490 1154 3547 verbs
1174 3498 1242 3548 suut
1262 3480 1324 3551 ἀπ’

285 3560 404 3637 αυτοῦ,
433 3562 510 3631 nibil
536 3568 597 3631 nisi
623 3568 789 3627 uberiorem
809 3561 956 3642 quandam
979 3573 1023 3629 rei
1048 3572 1273 3645 explicationem
1293 3575 1326 3631 in

284 3664 317 3702 se
339 3649 514 3709 contineant.
558 3648 657 3730 Quem
678 3652 802 3713 alterum
822 3653 918 3716 locum
936 3654 1326 3720 summissiones-715.

283 3732 383 3803 posuit
404 3728 582 3791 Ellendtusz

458 3846 515 3895 Καὶ
533 3842 579 3897 τὸν
595 3848 660 3927 μένἸ
677 3844 772 3920 ὥσπερ
790 3846 819 3919 γ’
839 3848 856 3917 ἡ
875 3846 964 3921 φάτις,
982 3854 1055 3912 ξένοι
1070 3852 1138 3906 noti

457 3914 553 3985 λῃσταὶ
573 3914 724 3983 φονευουσ’
744 3919 775 3972 ἐν
792 3923 916 3991 spontale
933 3918 1076 3991 ἁμαξιιοῖς
1091 3920 1157 3988 xri„

284 4033 326 4100 ibi
350 4034 404 4091 etsi
426 4032 485 4092 dici
503 4038 610 4109 potuita
633 4032 748 4120 ὥσπερ
771 4034 792 4121 ἤ
814 4061 851 4121 γε
872 4035 985 4125 φάτις,
1009 4052 1107 4105 tamen
1130 4064 1189 4101 non
1204 4042 1324 4105 dixerim

284 4126 401 4175 auctore
420 4115 557 4181 Ellendto
578 4118 653 4183 banc
672 4121 843 4198 legitumsm
859 4127 951 4185 inisse
969 4128 1124 4185 verborum
1142 4128 1322 4202 positionem,
1364 4154 1374 4163 =

169 4253 172 4258 .
284 4197 406 4257 alterum
427 4205 524 4263 minus
546 4205 724 4280 iegitnmam.
766 4205 843 4267 Nom
865 4231 955 4283 quom
967 4220 1065 4285 posset
1076 4213 1142 4269 ocni
1155 4202 1323 4297 οῐῆφάτις

257 4350 258 4355 ¹
284 4287 313 4341 et
333 4284 469 4346 universa
489 4285 578 4363 boec,
606 4310 682 4365 quae
701 4292 899 4373 interponitor
919 4315 997 4361 roxa
1026 4290 1143 4381 ὥσπερ
1172 4285 1193 4383 ἦ
1219 4285 1324 4379 φάτις,
