2850 4842
301 483 366 551 2⁰⁰
616 476 682 561 γέ,
715 472 763 561 γέ
787 496 882 552 τοι,
912 474 1032 559 γοῦν.

301 653 378 713 Nasu
412 650 456 711 sic
488 654 606 723 poetam
631 646 782 719 scripsisse
805 650 949 703 testantur
977 641 1047 703 libri
1075 664 1176 705 omues
1209 654 1241 705 et
1273 656 1357 707 recte

302 736 422 812 quidem
451 732 601 805 scripsisse
628 728 716 787 focile
743 729 840 787 doceri
865 729 988 803 poterit,
1017 736 1048 785 ut
1075 728 1157 788 nulle
1181 731 1302 789 retioue
1332 734 1356 791 ii

302 828 436 893 ututur,
467 817 520 890 qui
548 812 603 873 boo
630 832 748 886 quoque
777 812 840 870 loeo
868 830 969 869 reram
997 814 1171 887 scriptoram
1198 814 1355 874 idoneam·

300 923 362 977 que
380 902 524 961 deteriore
543 897 705 956 coniectura
726 901 913 955 commutant.
953 892 1033 954 Nam
1050 917 1141 969 quom
1159 895 1357 973 Dicaeopolis

303 988 427 1045 dixisset
436 1006 444 1040 ι

381 1103 514 1183 Ὧγιιθοί,
533 1108 596 1170 τοὺς
612 1107 666 1179 μὲν
683 1103 826 1189 Λάκωνας
839 1104 972 1177 ἐμποδών
988 1103 1096 1178 deicere,

388 1184 443 1235 τῶν
464 1178 491 1234 d'
512 1180 589 1249 ἐμῶν
608 1178 741 1231 σπονδῶν
757 1174 900 1244 ιἰιιουσατ’,
918 1179 943 1229 el
962 1179 1050 1238 καλῶς
1065 1174 1258 1248 ἐσπεισάμην,

302 1306 407 1379 quibus
436 1303 532 1363 verbis
561 1286 737 1373 significarit
766 1316 798 1355 se
825 1316 925 1371 pucem
953 1319 1017 1357 eum
1039 1295 1206 1360 Laconibus
1229 1300 1353 1375 secisse,

302 1378 486 1457 eborusuon
506 1386 567 1443 iam
589 1382 645 1441 hoe
667 1400 807 1456 quaerere
827 1379 899 1454 volt,
923 1402 998 1454 quse
1018 1383 1074 1442 iste
1093 1383 1167 1443 dicet
1189 1391 1218 1443 et
1239 1385 1352 1458 qualia,

301 1471 355 1533 sed
382 1471 541 1545 desperans
568 1484 655 1543 posse
684 1466 833 1525 bominem
860 1464 964 1539 talem,
996 1470 1048 1540 qui
1071 1487 1135 1525 euru
1155 1470 1281 1527 summis
1310 1471 1353 1527 rei

301 1555 435 1631 publicae
457 1553 584 1611 inimicis
607 1570 709 1625 paoem
731 1548 851 1623 fecerit,
878 1549 1037 1623 quidquam
1058 1552 1129 1611 boui
1149 1551 1266 1625 dicere,
1294 1550 1353 1609 boc

301 1647 414 1698 tautum
441 1636 527 1694 modo
554 1636 683 1710 quaerit,
713 1651 772 1706 quo
800 1640 878 1689 certe
907 1632 994 1691 modo
1021 1635 1066 1709 is,
1095 1636 1147 1708 qui
1174 1644 1259 1709 pecta
1284 1656 1352 1693 corn

300 1720 543 1781 Lacedaemoniis
569 1718 687 1791 lecerit,
711 1715 807 1790 possit
834 1714 946 1788 aliquid
972 1717 1048 1779 berre
1074 1717 1180 1776 dicere.
1225 1716 1293 1777 Nos
1318 1722 1352 1777 iu
1423 1791 1424 1808 Χ

217 1842 221 1860 .
302 1808 367 1865 eius
389 1802 468 1863 modi
488 1803 561 1861 locis
582 1799 677 1860 dicere
698 1799 843 1858 solemus:
875 1802 948 1856 Wie
969 1819 1034 1858 ιιιιι
1054 1801 1181 1859 boooteat
1200 1801 1240 1859 do
1256 1810 1352 1860 awos

303 1888 494 1949 Ordarstlicbee
519 1886 654 1961 questro
678 1902 709 1942 o.
734 1903 760 1941 s.
786 1902 825 1941 eo.
865 1879 984 1941 Deinde
1005 1883 1107 1943 eodem
1128 1884 1215 1943 ruodo
1233 1885 1351 1944 locutus

301 1992 365 2033 esse
385 1969 501 2031 ridetur
523 1967 600 2028 idem
620 1964 838 2041 Aristophanes
859 1967 892 2023 ἱιί
910 1968 1004 2024 Ruris
1022 1988 1050 2026 v.
1073 1973 1161 2043 138„
1189 1967 1247 2026 lroc
1267 1982 1349 2028 certe

301 2058 352 2131 qui
373 2054 511 2114 meliores
529 2051 599 2112 libri
620 2056 687 2110 suut
708 2058 850 2107 testentur
870 2069 981 2122 omna,
1004 2059 1035 2109 et
1057 2053 1122 2125 ipso
1144 2056 1292 2111 sententie
1307 2057 1349 2111 ite

300 2137 491 2213 commendet,
510 2144 542 2195 ot
562 2155 638 2210 pene
658 2135 716 2193 sibi
734 2140 916 2207 optumorom
938 2132 1079 2193 librorum
1100 2137 1273 2210 scripturum
1294 2137 1347 2194 de·

299 2242 421 2299 poscere
443 2219 588 2283 videatur.
627 2216 675 2279 lbi
695 2218 774 2277 euim
796 2235 885 2290 quom
898 2213 1043 2278 Hercules
1062 2221 1105 2279 sic
1124 2229 1200 2279 esset
1218 2220 1347 2281 locutos:

784 2343 852 2398 ‘Alb'
872 2343 887 2398 ὀ
903 2347 991 2407 πλοῦς
1006 2344 1099 2409 πολύς.

482 2390 576 2552 {bole
594 2413 648 2489 γὰρ
665 2415 711 2471 tut
729 2417 832 2484 λίμνην
845 2409 973 2485 μεγάλην
988 2412 1059 2483 ἣξεις
1074 2412 1148 2470 πάνυ

481 2506 498 2538 ιι
519 2500 625 2551 υσσον.,
799 2508 801 2514 ’

298 2606 452 2684 Dionysus
473 2606 514 2664 ite
535 2604 696 2693 quaesivit:

674 2724 743 2785 Εἶτα
763 2734 822 2793 πῶς
838 2750 870 2801 γε
887 2729 1129 2805 περιιιωθὴσιμιιι,·

298 2856 329 2916 Γ
326 2850 342 2917 ἒ
363 2856 443 2913 euim
465 2856 498 2913 iu
520 2853 659 2914 hocloco
681 2875 770 2929 quom
793 2855 934 2914 editiones
956 2877 1055 2916 omues
1076 2867 1142 2916 aute
1156 2854 1342 2918 Bruucliuur

297 2938 450 3015 habereut,
475 2939 528 2998 ille
548 2940 633 2996 unius
655 2938 726 2997 libri
748 2960 806 2997 nou
832 2942 945 3013 optumi
967 2944 1134 3001 auctoritate
1157 2945 1257 3001 omisit
1271 2964 1342 3017 par·

298 3022 433 3097 ticulum,
463 3043 551 3097 quam
580 3044 670 3097 quom
698 3026 786 3082 ceteri
810 3024 878 3081 libri
906 3044 1009 3084 omues
1030 3027 1063 3083 iu
1086 3028 1182 3100 iisque
1203 3034 1340 3098 opto-us

296 3107 348 3166 ille
368 3104 525 3168 llareuuas
547 3115 712 3168 coustuuter
732 3114 902 3181 servarent,
922 3118 1000 3167 recte
1022 3118 1129 3169 tutatus
1150 3120 1194 3169 est
1214 3108 1339 3169 Carolus

295 3188 445 3267 Reisigius
477 3191 513 3249 ed
547 3186 700 3265 Sophoclis
732 3191 868 3266 Oedipum
897 3190 1047 3250 Golooeoos
1080 3214 1110 3267 p.
1141 3200 1212 3251 323.
1262 3192 1338 3253 (ium

296 3278 374 3333 euim
405 3277 461 3333 isto
489 3274 551 3333 loco
583 3274 705 3337 dixisset
730 3272 869 3333 Hercules
899 3274 992 3333 lecum
1018 3281 1050 3335 iu
1071 3276 1125 3335 illo
1144 3280 1250 3337 itinere
1270 3296 1338 3336 esse

294 3358 488 3432 profundum,
514 3369 591 3417 recte
615 3356 769 3433 Dionysus
789 3376 849 3415 ιιοιι
871 3358 1043 3435 simpliciter
1063 3363 1224 3435 quaesivit,
1248 3380 1339 3436 quem

294 3441 331 3497 ed
358 3441 474 3498 modurn
497 3462 564 3499 eom
587 3450 686 3517 posset
707 3441 886 3517 transgredi,
911 3442 964 3501 sed
983 3443 1061 3503 istud
1087 3444 1266 3521 quodmodo
1290 3466 1337 3504 re·

294 3524 430 3582 ctiseume
452 3522 537 3584 effert
559 3546 613 3600 per
633 3525 802 3599 particulam
824 3520 872 3604 με’,
893 3528 979 3598 quasi
999 3525 1102 3587 dicasz·
1123 3532 1186 3587 Wee
1206 3548 1263 3587 ιιιιι·
1281 3530 1338 3587 soll

291 3606 338 3664 iob
365 3607 444 3665 dono
470 3608 508 3665 do
537 3605 717 3669 blemetzeoi
758 3606 808 3667 De
835 3607 902 3667 eliis
932 3612 1068 3669 omuibus
1089 3621 1180 3686 tecet,
1207 3610 1260 3671 sed
1280 3610 1337 3670 boc

292 3697 369 3750 certe
388 3710 478 3749 ouum
495 3691 558 3751 volt
572 3695 657 3766 scire,
678 3711 784 3766 quem
804 3690 848 3772 ed
865 3693 1007 3752 modum
1025 3699 1119 3769 possit
1133 3694 1228 3754 lacum
1242 3706 1336 3753 trus-

290 3773 385 3847 gredi.
426 3772 532 3847 Neque
556 3796 625 3835 vero
649 3774 774 3833 dubitari
792 3794 878 3850 posse
891 3776 1016 3854 videtur,
1037 3781 1110 3852 qeiu
1123 3778 1202 3839 idem
1217 3778 1334 3837 Aristo·

289 3856 401 3929 pbaues
422 3859 511 3917 etiem
531 3859 564 3917 iu
584 3858 713 3917 Nubibus
724 3880 753 3919 v.
772 3862 844 3919 686.
864 3862 1022 3937 scripserit,
1043 3862 1124 3938 quod
1142 3873 1189 3922 est
1210 3861 1335 3922 inlibro

289 3936 480 4000 Ravennates

788 4035 920 4107 οὐδαμῶς
956 4036 977 4107 ’,
994 4039 1056 4094 luel

505 4104 565 4166 πῶς
580 4101 613 4175 y'
635 4098 671 4158 riv
686 4104 829 4166 καλέσειας
845 4108 967 4177 ternpus
983 4104 1118 4178 laboras,-

287 4221 462 4297 Aptiusurua
493 4234 537 4284 est
569 4228 649 4286 euim
680 4224 717 4304 od
744 4226 823 4288 bunc
851 4250 967 4307 quoque
996 4231 1092 4290 locum
1118 4226 1256 4305 particula
1283 4223 1331 4308 γε’.
1360 4262 1366 4269 -

286 4302 379 4377 Urget
400 4308 479 4365 euim
499 4306 635 4372 Socrates
654 4307 710 4369 boc
732 4313 830 4387 ipsum
851 4335 923 4389 quo
944 4316 1051 4375 modo
1072 4322 1117 4389 et,
1139 4316 1167 4375 si
1186 4312 1332 4388 copiosius
1421 4359 1423 4401 ξ
