2850 4842
542 428 681 533 ἀλλά.
817 392 825 406 ’
1084 440 1126 511 41

86 616 179 687 posita
198 610 351 687 leguntur,
371 608 516 686 siguificat
536 629 623 670 omne
644 610 774 687 aliud,
796 609 875 687 quod
896 612 996 689 aliqua
1015 616 1127 675 actione

86 697 278 771 compleatur,
306 704 336 755 et
361 696 403 753 sio
425 698 510 767 qnasi
529 698 562 753 iu
583 694 675 769 gradu
696 698 729 753 iu
751 716 786 754 ea
807 718 877 755 voce
901 697 1031 774 adsurgit
1049 692 1126 759 com-

87 779 210 855 paratio?
248 779 351 838 Facile
368 781 458 837 etiam
479 782 573 853 prima
591 778 679 837 huius
699 779 852 840 lucutionis
865 784 949 857 origo
963 787 1128 857 agnoscitur

88 866 190 923 talibus
210 863 304 939 locis,
329 863 448 938 qualem
470 863 574 923 adtulit
595 861 769 939 Kruagarus
791 886 829 923 ex
852 864 983 925 Platonis
1006 869 1130 927 Lachete

87 946 162 1007 Part.
182 946 208 1006 l.
230 949 293 1007 vol.
306 946 330 1005 l.
352 970 383 1022 p.
397 951 470 1023 269,
486 953 535 1006 lli.
549 947 594 1008 ed.
606 944 708 1006 Behk.
723 970 753 1022 p.
768 954 837 1007 187.
851 947 891 1011 Ι).
904 948 950 1008 ed.
964 948 1006 1008 H.
1022 948 1127 1025 Steph.

82 1021 119 1091 Ὦ
139 1027 335 1110 Ancillula,
365 1028 476 1105 δοκεῖς
500 1048 561 1110 μοι
590 1021 635 1104 ὡς
658 1022 798 1114 ἀληθῶς
816 1026 975 1117 Σωκράτη
999 1028 1129 1113 πατρό-

87 1118 147 1177 θεν
171 1109 366 1215 γιγνώσκειν
385 1107 502 1194 μόνον,
533 1104 623 1197 αὐτῷ
646 1106 676 1175 d’
701 1106 741 1177 nd
762 1112 987 1197 συγγεγονέναι
1011 1106 1081 1179 ἀλλ’
1106 1106 1129 1201 ἢ

88 1196 184 1261 uuida
205 1193 283 1261 dm·
300 1190 384 1272 nh,
412 1219 471 1273 quo
492 1201 525 1256 in
544 1198 609 1258 luco
632 1196 704 1257 haec
725 1196 877 1275 dicuntur,
900 1202 925 1258 si
949 1200 985 1259 ad
1007 1204 1129 1263 verbam

89 1290 196 1341 vertas:
231 1283 347 1341 Videris
372 1283 443 1340 otili
465 1316 504 1329 -
527 1302 592 1341 urna
615 1302 647 1341 eo
669 1302 726 1341 uon
747 1282 838 1355 frisso
860 1284 939 1343 uliud
961 1304 1046 1360 quum
1067 1304 1130 1345 oum

89 1386 171 1442 puero
197 1375 249 1424 aut
280 1371 337 1425 nial
364 1385 428 1423 curo
455 1386 526 1442 puer
553 1374 633 1424 acret.
680 1363 757 1424 lllud
786 1367 888 1436 uliud,·
910 1367 987 1441 quod
1008 1368 1130 1429 docendi

91 1470 185 1507 caussa
205 1452 306 1525 posui,
328 1458 405 1508 esset
424 1471 480 1525 pro
498 1448 658 1509 adverbiali
679 1453 799 1509 notione
815 1452 1014 1525 accipiendum
1028 1454 1130 1513 eodem

91 1554 203 1607 prorsus
225 1532 334 1611 modo,
362 1554 421 1607 qno
442 1554 496 1592 nos
518 1533 695 1593 diceremus:
729 1538 776 1591 Du
796 1535 918 1593 sclrciust
939 1568 979 1580 —
1000 1538 1131 1596 mitilena

91 1620 163 1675 nicht
192 1620 315 1687 audere,
344 1619 390 1676 ula
409 1618 448 1676 du
471 1637 502 1676 er
521 1619 593 1676 noch
613 1618 713 1676 lluuhc
735 1637 813 1687 mur,
844 1637 1131 1694 narsuurnrcnpcweaea

93 1722 128 1759 uu
153 1707 220 1760 σοῖο.
273 1699 353 1760 Nasu
384 1712 516 1761 nostrum
543 1721 662 1775 quoque
691 1702 796 1760 unrlsrs
822 1701 953 1776 videtur,
984 1703 1071 1778 plana
1099 1712 1132 1763 ut

95 1784 268 1845 Graecorum
297 1779 380 1847 ἄλλο
402 1788 435 1843 in
454 1784 502 1843 his
522 1784 611 1859 locis,
637 1805 678 1843 ex
698 1786 840 1843 adiectiro
863 1789 992 1845 neutrius
1016 1790 1132 1864 generis

94 1879 186 1928 natum
214 1890 293 1929 esse.
340 1866 538 1943 Nequaquam
554 1880 664 1927 ·autem
690 1868 745 1926 hoc
776 1869 838 1928 loco
868 1882 945 1929 recte
972 1871 1130 1931 diceretnra

30 1996 33 2001 -
95 1951 200 2027 δοκεῖς
227 1989 269 1999 -
297 1946 390 2035 αὐτῷ
420 1943 460 2015 οὗ
488 1949 716 2032 συγγεγονέναι
743 1943 848 2035 ἄλλον,
881 1945 901 2039 ἢ
929 1952 1028 2017 παιδὶ
1051 1948 1132 2024 ὄντι,

94 2039 229 2110 qnoniam
248 2039 293 2096 sic
313 2040 437 2095 nimium
456 2039 631 2096 tribueretur
651 2039 709 2110 ipsi
726 2057 877 2110 personae.
920 2036 1031 2098 Eodem
1047 2039 1133 2099 modo

95 2123 180 2179 etiam
208 2120 421 2196 Aristophanis
450 2121 501 2179 ille
532 2120 611 2179 locus
642 2120 833 2193 explicandus
865 2128 925 2196 eat,
958 2143 1044 2196 quem
1074 2125 1134 2181 iam
1183 2139 1185 2144 ·

95 2202 240 2263 Derariua
271 2227 300 2280 p.
335 2207 385 2263 15.
418 2203 549 2264 adhibuit
579 2203 617 2262 ad
646 2203 723 2264 hanc
754 2202 935 2281 doctrinam,
968 2206 1002 2265 dc
1035 2210 1135 2284 Vespia

11 2349 12 2352 ,
99 2308 127 2345 v.
148 2292 207 2349 983
228 2310 283 2367 sq,
303 2290 355 2349 ubi
375 2287 468 2349 hodie¹
482 2289 606 2365 legitur:
649 2289 655 2299 ¹

285 2425 357 2497 Ἐγὼ
375 2421 626 2499 γὰοίἷπεδᾶκρνσα
642 2426 695 2479 νῦν
711 2418 828 2495 γνώμην
846 2422 916 2494 ἐμὴν

287 2495 371 2553 οὐδέν
386 2497 448 2553 ποτ’
464 2495 519 2550 ἀλλ’
538 2492 554 2563 ἢ
572 2498 618 2564 τῆς
637 2499 727 2565 φακῆς
744 2491 937 2566 ἓμνιλῆμενός.,

100 2648 157 2701 qno
183 2629 217 2687 in
239 2628 307 2690 loeo
331 2628 419 2687 facila
448 2630 536 2687 etiam
563 2621 645 2689 ἄλλο
672 2629 854 2702 agnoscitur,
879 2632 910 2685 ut
933 2622 989 2686 hoc
1008 2624 1134 2688 dicalma

99 2712 170 2769 nihil
187 2732 323 2790 «aequm
344 2712 425 2771 uliud
445 2731 531 2789 quum
551 2712 634 2789 leutio
653 2710 794 2788 impletus,
816 2712 866 2769 uhi
881 2712 908 2770 si
922 2710 1029 2769 dictum
1043 2721 1135 2772 esaeta

11 2855 12 2864 ,
101 2785 235 2869 οὐδενός
260 2787 333 2858 ποτ’
364 2790 468 2857 ἄλλον
495 2787 518 2879 ἢ
546 2794 606 2879 τῆς
633 2788 758 2878 φωνῆς’
773 2781 997 2878 ἒμπλήμενος,
1031 2804 1060 2855 et
1091 2814 1138 2859 raa

103 2881 230 2951 apertius
259 2879 470 2951 significaretur
499 2887 528 2939 et
558 2880 730 2937 constructio
764 2880 918 2937 verborum
949 2881 1042 2951 magis
1070 2900 1138 2937 con·

100 2970 234 3037 grneret,
261 2972 338 3022 recta
357 2973 455 3021 tamen
474 2973 562 3039 atque
582 2962 684 3020 ordine
705 2964 794 3019 etiam
815 2966 856 3021 sic
877 2963 968 3020 oratio
991 2962 1138 3035 procedite

100 3037 196 3109 οὐδέν
224 3038 301 3109 ποτ’
324 3039 392 3110 ἀλλ’
421 3040 442 3131 ἢ
473 3048 532 3133 τῆς
561 3040 673 3128 φακῆς
704 3036 929 3127 ἐμπλήμενος,
961 3048 1012 3102 ubi
1045 3038 1140 3109 οὐδέν

100 3132 180 3202 quasi
193 3128 337 3189 Latinum
356 3132 429 3190 oilcil
448 3133 487 3191 ita
509 3132 623 3202 dicitur,
645 3135 676 3185 ut
694 3131 901 3186 constructioni
921 3128 1052 3200 reliquae
1074 3147 1140 3187 ora·

100 3216 186 3273 tionis
209 3219 310 3273 miuus
337 3216 457 3290 quidem
482 3210 660 3289 respondere
684 3210 833 3282 videatur,
864 3210 915 3269 aed
944 3220 1037 3268 tamen
1066 3218 1141 3269 recta

11 3333 12 3351 2
100 3298 244 3372 significet
271 3320 331 3359 una
357 3304 446 3372 taiaae
473 3300 626 3376 qrridrpruoa
653 3302 771 3369 praeter
799 3293 889 3369 illud,
917 3294 994 3368 quod
1023 3293 1140 3353 dicetur.

101 3378 173 3441 lllod
205 3392 306 3443 autem
334 3372 418 3456 ἀλλ’,
447 3383 526 3457 quod
549 3383 609 3440 iam
636 3381 786 3453 sequitur,
816 3380 937 3436 nonita
959 3378 1077 3451 quidem
1099 3384 1142 3437 est

100 3488 161 3524 cum
188 3460 290 3532 οὐδέν
318 3466 569 3542 coniungendum,
597 3474 629 3523 ut
653 3463 836 3523 scribendum
861 3463 912 3521 sir:
944 3454 1040 3527 οὐδέν
1067 3451 1140 3526 ποτ’

102 3542 178 3621 ἄλλ’,
208 3542 230 3570 ’“
257 3550 321 3625 τῖς
346 3552 458 3634 φακῆς
486 3541 721 3631 ἓμπλήμενος.ε
756 3567 943 3622 nequaquam
963 3550 1044 3607 enirn
1065 3554 1144 3605 tanta

100 3638 130 3693 ri
153 3574 228 3693 illud
256 3576 346 3697 cillo.
366 3634 559 3709 premendum
582 3632 638 3691 hoc
663 3632 728 3690 loco
756 3641 812 3690 est:
844 3630 894 3690 sed
914 3633 1040 3704 pertinet
1061 3628 1145 3704 illud,

100 3728 131 3777 ut
148 3721 242 3795 magis
261 3721 403 3778 univerae
421 3720 531 3777 dicatur
550 3725 579 3776 et
592 3715 720 3775 certe'ab
736 3714 970 3775 antecedentibus
984 3712 1146 3788 paullulum

100 3802 309 3862 retrahendum
337 3806 392 3877 sit,
419 3806 516 3877 potins
543 3800 580 3859 ad
607 3810 780 3875 sequentem
805 3799 980 3876 particulam
1000 3790 1022 3881 ἢ
1043 3804 1072 3854 et
1094 3798 1146 3871 aic,

103 3895 134 3943 ut
155 3906 245 3962 aaepe
268 3885 375 3945 iu0his
394 3885 468 3947 lucia
491 3884 632 3961 vidimus,
661 3887 783 3945 entiam
806 3884 990 3961 praeparatio
1011 3881 1048 3959 ad
1069 3900 1146 3938 com·

104 3974 301 4046 parationem,
342 3974 426 4045 quasi
454 3968 630 4051 Germanice
657 3970 752 4029 dicas:
792 3972 879 4029 Niclct
906 3974 946 4029 ἰοι
980 3969 1148 4040 Geriapstaa

103 4055 202 4113 undere
222 4058 272 4115 ula
294 4075 352 4115 οοο
372 4059 479 4113 linceo
497 4054 565 4112 ooll.

183 4138 236 4198 Sic
264 4137 396 4212 denique
416 4140 525 4212 reliqui
543 4136 619 4211 loci,
647 4135 684 4195 de
704 4136 812 4210 quibua
834 4134 1038 4192 dubitaverunt
1058 4132 1149 4190 iuter·

103 4231 215 4297 preter,
237 4224 327 4281 lacile
348 4223 491 4297 explicari
511 4228 658 4295 poterunt,
677 4220 768 4277 veluti
788 4216 996 4281 Demosthenis
1015 4215 1091 4275 illud
1110 4234 1149 4274 ax

102 4310 236 4368 cranone
251 4308 399 4368 Adversus
411 4305 561 4385 Aplrohora
577 4308 606 4377 ς.
622 4309 653 4363 7.
671 4303 717 4365 ed.
733 4301 831 4363 Bekk.
848 4324 877 4378 p.
892 4305 964 4363 846.
985 4300 1031 4363 ed·
1044 4297 1149 4363 Reisk·
1179 4360 1181 4365 t
