2850 4842
127 500 134 514 ,
248 432 298 499 78
720 424 836 511 ἐμοί.

254 602 304 663 ubi
328 600 497 677 simpliciter
517 580 755 675 consequentiam
775 597 938 676 significat,
959 602 1006 659 cui
1025 600 1153 663 fortasse·
1172 622 1301 680 respon·

253 688 335 747 deret
355 686 445 745 latina
466 686 606 760 particula
630 696 745 747 tumes.
777 682 863 744 Alibi
883 688 1122 760 consequentiam
1146 706 1214 745 cnm
1235 708 1299 747 esn-

253 770 339 846 phasi
360 762 495 849 ahsurdi,
517 768 634 843 quando
654 767 790 827 videlicet
811 768 926 843 aliquid
943 788 985 827 ex
1003 788 1065 827 non
1086 788 1174 831 cursu
1195 774 1300 848 sequi·

253 865 314 931 tur,
339 864 370 913 ιιι
391 852 468 930 opud
489 850 722 929 Aristophanem
741 852 774 910 in
795 848 881 911 Pluto
903 858 945 925 [ι.
971 856 1044 911 909.
1068 858 1148 927 10.]=
1205 893 1211 900 -

461 991 521 1050 πῶς
536 978 588 1044 οὖν
605 984 641 1043 ἂν
659 992 716 1059 εἴης
729 982 863 1062 χρηστὸς,
887 978 1086 1061 ὦτοιχωρίχε,

460 1077 489 1129 el
501 1088 547 1129 σοι
565 1077 707 1149 προσῆκον
725 1075 830 1145 μηδὲν,
850 1067 895 1130 rir'
915 1070 1087 1146 euryalus,-

253 1217 357 1269 ramea
377 1202 591 1267 damnabaris.
634 1202 675 1263 Et
694 1224 797 1266 rursus
818 1203 960 1277 [Ranor.
981 1226 1011 1265 v.
1033 1208 1136 1278 abile

319 1330 337 1405 ή
362 1332 425 1397 τοὺς
444 1332 566 1404 μισθοὺς
588 1336 642 1391 rar
661 1336 784 1404 ποιητῶν
801 1332 890 1411 ῥήτωρ
908 1330 957 1405 ὢν,
976 1326 1022 1391 εἶτ’
1039 1330 1205 1409 ἀποτρώγει.

252 1460 357 1535 Neque
384 1460 463 1517 enim
489 1475 529 1515 ex
558 1475 612 1532 eo,
637 1458 716 1531 quod
734 1457 810 1519 nihil
830 1458 868 1519 ad
888 1456 1100 1537 sycophantam
1120 1456 1202 1516 illum
1223 1476 1296 1533 per-

251 1545 380 1604 tinebant
400 1540 629 1619 negotiationem
651 1545 737 1619 sequi
757 1543 886 1619 deberet,
906 1554 939 1602 ιιι
955 1544 1012 1603 sibi
1028 1542 1191 1601 inimicitias
1209 1562 1294 1600 oom-

251 1648 354 1707 parare
382 1626 468 1686 velit:
499 1644 554 1682 nec
583 1644 623 1684 ex
650 1646 704 1702 eo,
733 1626 811 1701 qnod
838 1626 937 1687 rhetor
965 1636 1044 1686 esset
1064 1626 1139 1685 nlius
1159 1624 1294 1703 qnidam,

251 1713 400 1788 sequitur,
427 1718 459 1768 ιιι
488 1710 661 1768 comicorum
683 1710 847 1771 mercedem
870 1730 1011 1786 usurpare
1032 1709 1143 1769 debeat.
1185 1707 1295 1786 Atque

250 1799 338 1857 etiam
365 1802 428 1853 tum
452 1789 559 1851 latinae
586 1794 744 1867 partiendae
774 1804 881 1857 tumen
911 1792 1114 1870 respondebit,
1146 1813 1218 1855 curs
1246 1790 1295 1855 sir

250 1878 374 1952 rhetor,
403 1872 587 1938 summorum
610 1886 716 1939 turum
735 1876 909 1940 mercedem
931 1888 1065 1960 usurpat
1085 1896 1126 1939 uc
1144 1875 1293 1940 devorat.

80 1968 151 2031 iliu.
171 1984 240 2027 ouo-
331 1958 485 2035 Aocipitnr
512 1960 598 2018 etiam
625 1950 699 2023 εἶτα
726 1982 780 2037 pro
809 1960 949 2035 demum,
969 1958 1120 2043 dentque,
1139 1971 1294 2037 cetrum,

131 2061 194 2096 Νη·
249 2053 281 2107 ut
302 2044 380 2122 apud
400 2040 594 2119 Aristophan.
616 2045 648 2103 in
669 2041 788 2104 Aribae
809 2049 851 2117 [r.
871 2046 1075 2117 ntae-254:
1097 2041 1293 2122 Sycophanta

250 2130 368 2210 quidam
396 2128 605 2205 interrogatus,
633 2126 776 2209 quiscum
797 2139 891 2205 esset,
912 2140 944 2194 et
963 2148 1108 2211 quorsum
1129 2124 1293 2192 omboes?

248 2213 422 2293 respondet:

432 2319 532 2398 κλητήρ
551 2326 611 2394 ειμι
628 2306 796 2393 ιησιωτικόι

431 2410 481 2462 καὶ
498 2404 674 2480 συκοφάντης
752 2452 755 2459 2

433 2488 491 2549 εἶτα
508 2492 611 2566 δέσμαι
627 2493 716 2569 πτερὰ
732 2492 825 2565 λαβὼν

430 2573 521 2648 κύκλῳ
546 2586 707 2655 περισοβεῖν
734 2577 782 2642 τὰς
803 2576 901 2643 ,πόλεις
924 2578 1104 2652 καλούμενος.
1162 2590 1165 2595 “

246 2697 307 2760 Ubi
328 2685 416 2771 εἶτα,
443 2690 516 2764 drusi
536 2700 594 2765 τοῦ
618 2693 750 2767 λοιπόν.
796 2700 939 2765 Ceterum
959 2703 1032 2766 ulus
1052 2713 1089 2765 ιιι
1107 2698 1186 2765 matt
1202 2720 1291 2764 conr·

246 2781 351 2846 modes
371 2803 448 2881 apua
468 2796 530 2861 ιιι,
551 2796 587 2848 ιιι
608 2807 730 2848 uersum
749 2782 954 2871 deorsumque
973 2786 1120 2860 cebriter
1140 2784 1291 2850 esurirent

105 2908 131 2957 p.
150 2888 209 2946 134,
246 2864 292 2929 ud
309 2866 444 2930 bomrurs
466 2866 500 2931 ιἰι
521 2867 571 2931 ius
591 2869 758 2933 vocandos.
792 2868 841 2929 ‘Et
859 2873 903 2931 sic
923 2860 996 2935 sicu
1016 2872 1195 2934 causativum
1215 2890 1289 2931 sen·

245 2969 311 3013 sum
331 2948 419 3011 habet
438 2972 492 3029 pro
513 2973 614 3036 quare
633 2962 663 3013 et
681 2964 884 3038 quopropter.

682 3128 901 3217 'Euroia

117 3288 189 3357 (μοι,
322 3260 431 3349 Ἐμοὶ,
460 3270 574 3333 dativus
603 3272 714 3346 primae
741 3290 887 3347 personne
914 3274 1134 3348 pronominum,
1153 3270 1235 3349 qnod
1254 3280 1290 3333 et

242 3346 304 3434 μοὶ
323 3356 389 3413 sine
409 3356 504 3430 prima
524 3356 641 3433 syllaba
661 3357 774 3415 dicitur.
826 3354 862 3416 Si
881 3358 1052 3432 simpliciter
1070 3359 1194 3433 primam
1213 3375 1289 3432 per-

242 3453 346 3495 sonam
384 3438 449 3496 sine
480 3440 613 3515 emphasi
644 3447 693 3499 ant
723 3442 908 3517 oppositione
939 3441 1094 3518 designare
1124 3458 1199 3516 opus
1230 3440 1288 3515 sit,

240 3520 426 3593 postponitur
460 3540 577 3598 semper
612 3524 727 3584 cuidam
763 3528 903 3585 orationis
933 3528 1024 3601 parti,
1055 3526 1102 3584 oni
1132 3525 1288 3601 proprium

240 3610 391 3662 nocentum
418 3609 609 3668 transmittit.v
635 3606 744 3668 Contra
770 3605 859 3687 ἐμοὶ,
890 3610 970 3685 quod
993 3626 1111 3684 semper
1130 3609 1288 3684 proprium

240 3696 389 3748 accentum
409 3690 537 3767 obtinet,
568 3712 685 3767 semper
700 3693 802 3752 itidem
822 3692 976 3769 emphasin
996 3702 1046 3752 ant
1066 3694 1287 3769 oppositionem

239 3769 382 3849 designat.
424 3771 460 3833 Si
480 3777 561 3834 enirn
580 3775 659 3836 dicas
679 3774 775 3857 μέλει
794 3772 869 3855 μοι’,
890 3778 940 3836 rel
959 3769 1098 3863 μελήσει
1117 3769 1186 3855 μοι’,
1207 3777 1282 3836 sim·
1328 3810 1340 3817 -

237 3855 352 3929 pliciter
377 3876 473 3920 cruor
499 3856 558 3920 tibi
582 3880 649 3922 ease
674 3859 818 3941 oliqrsid,
844 3862 894 3921 rel
907 3858 993 3943 sore
1012 3862 1140 3923 osseus:
1160 3861 1188 3921 si
1207 3879 1286 3920 vam

238 3932 315 4001 ἔιολ
337 3932 484 4025 μελήσει,
511 3938 572 4005 uba·
593 3943 671 4020 sali,
696 3946 747 4007 vel
772 3940 835 4009 ribi
856 3966 938 4027 prae
956 3942 1068 4008 ceteris
1087 3941 1161 4007 ulia's
1181 3962 1284 4005 cauae

228 3957 313 4102 fore
349 4024 508 4098 significas.
559 4024 666 4104 Neque
703 4050 806 4107 pamm
844 4031 983 4106 interest,
1014 4037 1110 4087 utrum
1140 4019 1285 4110 μελήσει

238 4096 298 4181 μοὶ
325 4103 422 4182 dicas,
450 4128 488 4167 an
517 4102 593 4187 duci
618 4104 769 4196 μελήσει.
810 4110 888 4175 Nun
913 4112 972 4173 hoc
996 4114 1138 4171 maiorem
1158 4107 1282 4186 empha-

239 4186 287 4245 sin
308 4183 406 4246 hahat.
447 4188 531 4253 Idem
551 4195 653 4256 accidit
673 4190 895 4259 calumniae
916 4216 1078 4273 personae,
1101 4194 1181 4271 quod
1199 4212 1281 4255 ⁸0¹¹!-

238 4288 293 4347 per
315 4265 565 4356 μονοσύλλαβοι
592 4287 653 4357 est,
688 4279 812 4357 soloque
838 4290 958 4343 amento
984 4282 1103 4342 denotat
1131 4270 1282 4361 ἔμφασιν
